4117 5234
1010 668 1048 733 31

524 842 690 929 ἐξεναρεῖν
719 847 775 910 καὶ
800 841 869 910 αἰτό
897 842 997 912 atvar
1020 846 1135 929 τεύχεα
1158 847 1262 913 δῦσαι.
1296 848 1370 915 371.
1394 854 1481 925 Παίς
1503 871 1537 914 τε

525 956 604 1035 Διὸς
623 959 768 1045 percitae
780 964 835 1026 καί
845 954 1023 1027 Ἐνυαλίοιο
1039 962 1187 1038 ἄνακτος.
1215 963 1333 1029 Herod.
1345 965 1373 1029 V
1385 966 1437 1031 24.
1461 961 1537 1049 ἐμός

495 1066 500 1077 ’
524 1099 559 1139 τε
588 1076 730 1150 σύσσιτος
753 1112 795 1124 -
819 1081 874 1140 καὶ
900 1076 1089 1160 σύμβουλος.
1126 1078 1187 1162 Ap.
1210 1078 1269 1143 Rh.
1288 1080 1333 1145 IV
1355 1080 1429 1145 796.
1457 1077 1537 1147 ctt’

523 1188 580 1273 ἐμέ
591 1187 623 1253 ,τ’
639 1190 794 1276 αἰδομένη
811 1197 866 1257 καὶ
880 1191 929 1256 ἐνὶ
942 1197 1038 1276 φρεσὶ
1053 1194 1274 1277 δειμαίνουσα.
1296 1194 1395 1261 Thuo.
1410 1196 1492 1278 180,
1505 1196 1535 1261 3.

523 1304 651 1392 πλούτῳ
679 1330 713 1370 τε
736 1306 807 1391 ίδίῳ
830 1311 884 1371 καί
908 1309 1060 1393 δημοσίῳ.
1093 1309 1173 1374 Plat.
1188 1309 1307 1376 Phacd.
1326 1331 1357 1394 p.
1373 1310 1416 1375 94
1432 1310 1472 1375 D.
1495 1306 1538 1375 τιῖ

522 1444 557 1485 τε
570 1416 654 1485 κατὰ
670 1417 728 1506 τὴν
742 1418 959 1507 γυμναστικήν
973 1427 1027 1486 καί
1038 1419 1097 1508 τὴν
1109 1413 1263 1508 ίατριιιήν.
1285 1425 1413 1508 Protug.
1423 1426 1488 1491 336
1501 1425 1535 1491 G.

522 1534 620 1615 ,λόγον
642 1561 676 1601 τι
704 1536 820 1601 δοῦναι
847 1543 902 1602 καὶ
928 1537 1103 1615 δέξασθαι.
1133 1537 1208 1603 orit.
1223 1539 1268 1603 43
1290 1539 1326 1605 B.
1349 1539 1386 1606 ἕν
1407 1540 1537 1634 τοιαυτῃ

523 1675 558 1716 τε
585 1649 750 1735 ἀγρυπνίᾳ
776 1656 830 1716 καὶ
851 1649 944 1743 λύπῃ.
960 1655 1053 1719 εἶναι.
1086 1652 1127 1719 of.
1141 1654 1261 1738 Saupp.
1276 1655 1401 1738 Protag.
1418 1655 1484 1721 325
1498 1656 1535 1721 B.

524 1766 687 1852 Originum
706 1767 861 1859 liberioris
879 1767 973 1834 huius
988 1788 1065 1835 uuus
1081 1788 1152 1834 eam
1167 1790 1234 1835 rem
1250 1777 1424 1854 esseputc,
1435 1770 1535 1838 cuius

522 1882 659 1966 vestigia
681 1882 858 1949 certissima
881 1883 988 1950 insunt
1010 1884 1043 1948 in
1065 1882 1116 1949 his
1139 1883 1217 1950 looiu
1232 1885 1424 1953 Homericis:
1446 1885 1476 1951 J.
1491 1886 1535 1950 IV

525 1997 598 2063 145.
615 1970 802 2083 οἷμῳότερον
816 1999 932 2081 κόσμος
946 1996 986 2061 θ’
1002 2004 1090 2084 ἵππῳ
1105 1998 1234 2084 ἐλατῆρί
1244 2024 1279 2064 τε
1291 2000 1397 2076 κῦδος.
1415 1999 1535 2068 0.le

525 2114 598 2179 109.
630 2109 647 2179 ὅ
677 2112 707 2178 δ’
727 2113 884 2188 ἐνδυκέως
911 2117 989 2197 κρέα
1017 2112 1050 2178 u?
1065 2110 1165 2197 ἤσθιε
1191 2118 1266 2181 πῖνέ
1292 2139 1327 2179 τε
1355 2118 1452 2180 οίνον.
1494 2116 1534 2183 oi.

523 2227 619 2313 Soph.
643 2228 679 2294 0.
704 2229 738 2295 C.
760 2230 835 2305 986.
864 2226 925 2307 tyci
954 2222 992 2293 δέ
1019 2250 1071 2294 νιν
1099 2228 1188 2292 ἄκων
1215 2226 1317 2313 ἔγημα
1346 2232 1539 2314 ῳθέγγομαί

523 2337 555 2407 τ’
569 2342 657 2407 ἄκων
685 2343 772 2407 τάδε.
812 2341 915 2420 Quum
942 2343 1026 2411 enim
1048 2343 1105 2428 fiat
1127 2350 1161 2407 ut
1183 2345 1393 2409 membrorum
1416 2364 1534 2429 eorum,

523 2476 691 2542 quaeper
707 2458 878 2542 particulas
901 2461 936 2522 τί
957 2494 1001 2505 -
1024 2460 1059 2521 τί
1081 2458 1131 2524 vel
1153 2462 1187 2522 τί
1208 2494 1252 2506 -
1275 2464 1332 2523 καί
1349 2459 1538 2537 coniunctas,

523 2571 721 2657 copulantur,
755 2580 862 2657 partes
896 2572 943 2639 sic
970 2573 1202 2657 continuentur,
1237 2581 1271 2639 ut
1298 2574 1332 2639 in
1359 2575 1534 2659 posteriore

523 2688 663 2753 membro
686 2707 803 2754 earum.
817 2686 894 2753 ordo
917 2687 1097 2771 invertatur,
1120 2688 1154 2753 in
1175 2688 1289 2756 cadem
1307 2689 1533 2759 consuetudine

523 2800 619 2868 etiam
641 2802 697 2868 illa
719 2802 866 2886 exempla
888 2801 1035 2869 videntur
1056 2803 1129 2882 niti,
1157 2802 1190 2868 iu
1210 2803 1326 2886 quibus
1349 2807 1533 2877 obscuratur

429 2900 438 2915 ⁶
523 2937 563 2984 ec
586 2937 637 2984 res
660 2918 693 2982 in
716 2917 888 3000 posteriore
911 2920 1052 2983 membro
1075 2919 1175 2984 ultera
1197 2925 1288 3002 parte
1309 2919 1438 2987 omissa.
1475 2921 1534 2987 Eut

523 3038 628 3099 autem
650 3033 873 3117 particularum
896 3035 1014 3116 μίν-
1030 3032 1067 3100 δέ
1089 3032 1323 3101 coniunctorum
1345 3055 1442 3102 causa
1460 3055 1533 3101 con-

405 3174 424 3186 *
524 3146 650 3229 similis,
684 3149 797 3230 quibus
825 3155 857 3214 et
885 3148 932 3214 uic
960 3148 1190 3232 coniunguntur
1218 3149 1281 3215 duo
1310 3152 1466 3235 membru,
1492 3157 1533 3217 ut

523 3281 630 3328 eorum
658 3262 795 3346 partium
824 3262 900 3329 ordo
928 3269 1133 3330 commutetur
1154 3263 1210 3347 (ci.
1230 3264 1260 3330 J.
1280 3265 1324 3329 IV
1339 3267 1392 3332 62.
1421 3264 1532 3331 ὑποεί-

523 3380 622 3460 ξομεν
641 3374 809 3461 ἀλλήλοισι
823 3381 893 3442 Σοὶ
914 3382 974 3462 μὲν
986 3376 1068 3457 ἐγώ,
1090 3376 1134 3442 σὺ
1157 3375 1286 3462 δ’ἕμοί)
1299 3387 1341 3445 et
1363 3380 1418 3463 sio,
1442 3387 1476 3446 ut
1490 3382 1531 3451 ‚in

470 3532 472 3536 -
522 3492 696 3575 posteriorc
718 3494 857 3559 membro
881 3513 944 3559 una
966 3513 1041 3577 pars
1064 3492 1225 3559 omittatur
1248 3494 1301 3576 (ci.
1320 3493 1356 3560 Ο.
1377 3495 1440 3559 XII
1456 3495 1531 3561 379.

522 3601 593 3698 ιἧσιν
626 3606 724 3687 ἔγωγε
751 3611 977 3692 Χαίρεσιιον
1010 3612 1082 3690 μὲν
1108 3605 1166 3671 luia
1195 3610 1239 3684 τίς
1268 3606 1408 3692 οὐρανὸν
1435 3609 1530 3676 οἷστε-

522 3721 638 3806 ρόεντα
649 3719 724 3790 'Iro’
739 3719 833 3786 ὁπότ’
847 3724 901 3812 ἂψ
923 3722 974 3788 uc
994 3734 1094 3803 γαῖαν
1112 3720 1173 3788 ἀπ’
1186 3720 1374 3808 οὐρανόθεν
1389 3749 1530 3811 προτρα-

521 3834 664 3923 ποίμην).
1048 3903 1050 3906 ,
1491 3912 1493 3915 ,

587 3952 653 4020 Sed
680 3953 782 4037 magis
809 3954 904 4020 ctiam
928 3953 961 4019 in
984 3953 1187 4022 collocatione
1210 3955 1382 4040 particulae
1404 3961 1439 4022 τί
1455 3979 1531 4026 con-

521 4065 749 4150 iungendorum
785 4069 918 4137 duorum
953 4071 1161 4136 membrorum
1195 4071 1292 4156 priori
1319 4071 1456 4141 >additae
1489 4077 1529 4142 ab

521 4189 668 4249 accurata
702 4183 838 4256 dictione
872 4185 952 4252 hacc
985 4185 1137 4253 recedunt
1170 4186 1317 4272 exempla
1344 4188 1529 4256 Homerico:
