<?xml version="1.0" encoding="UTF-8"?>
<!DOCTYPE html PUBLIC "-//W3C//DTD XHTML 1.0 Transitional//EN"
    "http://www.w3.org/TR/xhtml1/DTD/xhtml1-transitional.dtd">
<html xmlns="http://www.w3.org/1999/xhtml" xml:lang="en" lang="en">
 <head>
  <title>
</title>
<meta http-equiv="Content-Type" content="text/html;charset=utf-8" />
  <meta name='ocr-system' content='tesseract 3.04.00' />
  <meta name='ocr-capabilities' content='ocr_page ocr_carea ocr_par ocr_line ocrx_word'/>
</head>
<body>
  <div class='ocr_page' id='page_1' title='image "./verborumcolloca00carogoog_0046.png"; bbox 0 0 4117 5234; ppageno 0'>
   <div class='ocr_carea' id='block_1_1' title="bbox 1025 657 1185 753">
    <p class='ocr_par' dir='ltr' id='par_1_1' title="bbox 1025 657 1185 753">
     <span class='ocr_line' id='line_1_1' title="bbox 1025 657 1185 753; baseline 0 -31"><span class='ocrx_word' id='word_1_1' title='bbox 1025 657 1185 753; x_wconf 46' lang='lat' dir='ltr'>j-</span> 
     </span>
    </p>
   </div>
   <div class='ocr_carea' id='block_1_2' title="bbox 595 830 1639 1268">
    <p class='ocr_par' dir='ltr' id='par_1_2' title="bbox 595 830 1639 1268">
     <span class='ocr_line' id='line_1_2' title="bbox 596 830 1611 919; baseline 0.006 -23"><span class='ocrx_word' id='word_1_2' title='bbox 596 830 773 914; x_wconf 83' lang='lat' dir='ltr'>vooabolis,</span> <span class='ocrx_word' id='word_1_3' title='bbox 807 832 922 915; x_wconf 85' lang='lat' dir='ltr'>quibus</span> <span class='ocrx_word' id='word_1_4' title='bbox 956 852 1019 899; x_wconf 92' lang='lat' dir='ltr'>non</span> <span class='ocrx_word' id='word_1_5' title='bbox 1055 830 1190 899; x_wconf 83' lang='lat' dir='ltr'>effioitnr</span> <span class='ocrx_word' id='word_1_6' title='bbox 1212 834 1399 918; x_wconf 71' lang='lat' dir='ltr'>¹necessaria</span> <span class='ocrx_word' id='word_1_7' title='bbox 1431 833 1611 919; x_wconf 76' lang='lat' dir='ltr'>disiunobo,</span> 
     </span>
     <span class='ocr_line' id='line_1_3' title="bbox 596 944 1610 1035; baseline 0.005 -24"><span class='ocrx_word' id='word_1_8' title='bbox 596 945 760 1031; x_wconf 76' lang='lat' dir='ltr'><strong>particulis</strong></span> <span class='ocrx_word' id='word_1_9' title='bbox 771 953 805 1014; x_wconf 87' lang='lat' dir='ltr'>et</span> <span class='ocrx_word' id='word_1_10' title='bbox 815 948 1054 1033; x_wconf 81' lang='lat' dir='ltr'>pronominibus</span> <span class='ocrx_word' id='word_1_11' title='bbox 1064 947 1219 1014; x_wconf 88' lang='lat' dir='ltr'>enolitiois</span> <span class='ocrx_word' id='word_1_12' title='bbox 1234 944 1287 1032; x_wconf 81' lang='lat' dir='ltr'>(ot.</span> <span class='ocrx_word' id='word_1_13' title='bbox 1293 948 1404 1017; x_wconf 75' lang='lat' dir='ltr'>nmero</span> <span class='ocrx_word' id='word_1_14' title='bbox 1414 949 1451 1017; x_wconf 93' lang='lat'>0.</span> <span class='ocrx_word' id='word_1_15' title='bbox 1457 950 1533 1016; x_wconf 90' lang='lat' dir='ltr'>XIV</span> <span class='ocrx_word' id='word_1_16' title='bbox 1542 946 1610 1035; x_wconf 83' lang='lat'>39).</span> 
     </span>
     <span class='ocr_line' id='line_1_4' title="bbox 595 1062 1611 1149; baseline 0.005 -21"><span class='ocrx_word' id='word_1_17' title='bbox 595 1062 663 1130; x_wconf 86' lang='lat' dir='ltr'>Neo</span> <span class='ocrx_word' id='word_1_18' title='bbox 691 1062 866 1147; x_wconf 85' lang='lat' dir='ltr'>seiungitur</span> <span class='ocrx_word' id='word_1_19' title='bbox 891 1063 1130 1148; x_wconf 74' lang='lat' dir='ltr'>pronominibus</span> <span class='ocrx_word' id='word_1_20' title='bbox 1158 1062 1313 1130; x_wconf 80' lang='lat' dir='ltr'>enclitioIs</span> <span class='ocrx_word' id='word_1_21' title='bbox 1343 1064 1389 1131; x_wconf 86' lang='lat' dir='ltr'>ito</span> <span class='ocrx_word' id='word_1_22' title='bbox 1416 1072 1552 1149; x_wconf 83' lang='lat' dir='ltr'>tantum,</span> <span class='ocrx_word' id='word_1_23' title='bbox 1581 1066 1611 1133; x_wconf 91' lang='lat' dir='ltr'>si</span> 
     </span>
     <span class='ocr_line' id='line_1_5' title="bbox 595 1176 1639 1268; baseline 0.001 -22"><span class='ocrx_word' id='word_1_24' title='bbox 595 1177 769 1262; x_wconf 81' lang='lat' dir='ltr'>partioulao</span> <span class='ocrx_word' id='word_1_25' title='bbox 785 1178 832 1245; x_wconf 87' lang='lat' dir='ltr'>eis</span> <span class='ocrx_word' id='word_1_26' title='bbox 850 1178 1054 1263; x_wconf 79' lang='lat' dir='ltr'>praecedunt.</span> <span class='ocrx_word' id='word_1_27' title='bbox 1091 1176 1131 1243; x_wconf 72' lang='lat' dir='ltr'>ot</span> <span class='ocrx_word' id='word_1_28' title='bbox 1147 1176 1184 1243; x_wconf 91' lang='grc' dir='ltr'><strong>Ο.</strong></span> <span class='ocrx_word' id='word_1_29' title='bbox 1199 1178 1280 1243; x_wconf 89' lang='lat' dir='ltr'>XIX</span> <span class='ocrx_word' id='word_1_30' title='bbox 1295 1179 1370 1245; x_wconf 88' lang='grc'><strong>241.</strong></span> <span class='ocrx_word' id='word_1_31' title='bbox 1394 1184 1467 1246; x_wconf 80' lang='grc' dir='ltr'>Καί</span> <span class='ocrx_word' id='word_1_32' title='bbox 1489 1178 1610 1261; x_wconf 66' lang='lat' dir='ltr'>ostro</span> <span class='ocrx_word' id='word_1_33' title='bbox 1637 1264 1639 1268; x_wconf 23' lang='grc' dir='ltr'>Ι</span> 
     </span>
    </p>
   </div>
   <div class='ocr_carea' id='block_1_3' title="bbox 466 1290 1609 1380">
    <p class='ocr_par' dir='ltr' id='par_1_3' title="bbox 466 1290 1609 1380">
     <span class='ocr_line' id='line_1_6' title="bbox 466 1290 1609 1380; baseline 0.008 -25"><span class='ocrx_word' id='word_1_34' title='bbox 466 1309 473 1314; x_wconf 90' lang='grc'>·</span> <span class='ocrx_word' id='word_1_35' title='bbox 595 1290 748 1373; x_wconf 81' lang='grc' dir='ltr'><strong><em>χοίλιιειον</em></strong></span> <span class='ocrx_word' id='word_1_36' title='bbox 770 1292 830 1379; x_wconf 88' lang='grc' dir='ltr'>ἄορ</span> <span class='ocrx_word' id='word_1_37' title='bbox 858 1299 913 1357; x_wconf 77' lang='grc' dir='ltr'>καὶ</span> <span class='ocrx_word' id='word_1_38' title='bbox 940 1293 1084 1360; x_wconf 80' lang='grc' dir='ltr'><strong><em>δίπλαιια</em></strong></span> <span class='ocrx_word' id='word_1_39' title='bbox 1114 1292 1213 1359; x_wconf 79' lang='grc' dir='ltr'><strong><em>δῶκα.</em></strong></span> <span class='ocrx_word' id='word_1_40' title='bbox 1258 1293 1376 1361; x_wconf 79' lang='lat' dir='ltr'>Eorum</span> <span class='ocrx_word' id='word_1_41' title='bbox 1398 1317 1473 1363; x_wconf 84' lang='lat' dir='ltr'>vero</span> <span class='ocrx_word' id='word_1_42' title='bbox 1502 1317 1609 1380; x_wconf 81' lang='lat' dir='ltr'>eausa,</span> 
     </span>
    </p>
   </div>
   <div class='ocr_carea' id='block_1_4' title="bbox 594 1385 1653 1611">
    <p class='ocr_par' dir='ltr' id='par_1_4' title="bbox 594 1385 1653 1611">
     <span class='ocr_line' id='line_1_7' title="bbox 594 1385 1609 1497; baseline 0.001 -23"><span class='ocrx_word' id='word_1_43' title='bbox 594 1428 678 1490; x_wconf 85' lang='lat' dir='ltr'>qnae</span> <span class='ocrx_word' id='word_1_44' title='bbox 700 1416 787 1476; x_wconf 87' lang='lat' dir='ltr'>sunt:</span> <span class='ocrx_word' id='word_1_45' title='bbox 811 1407 848 1474; x_wconf 91' lang='grc' dir='ltr'><strong>Ο.</strong></span> <span class='ocrx_word' id='word_1_46' title='bbox 863 1409 924 1475; x_wconf 89' lang='lat' dir='ltr'>XV</span> <span class='ocrx_word' id='word_1_47' title='bbox 939 1385 1015 1475; x_wconf 83' lang='lat'><strong>488.</strong></span> <span class='ocrx_word' id='word_1_48' title='bbox 1039 1403 1130 1493; x_wconf 82' lang='grc' dir='ltr'><strong><em>παρὰ</em></strong></span> <span class='ocrx_word' id='word_1_49' title='bbox 1145 1413 1211 1473; x_wconf 79' lang='grc' dir='ltr'>καὶ</span> <span class='ocrx_word' id='word_1_50' title='bbox 1232 1410 1320 1497; x_wconf 76' lang='grc' dir='ltr'><strong><em>κακῷ</em></strong></span> <span class='ocrx_word' id='word_1_51' title='bbox 1334 1408 1486 1477; x_wconf 63' lang='lat' dir='ltr'>§obibo</span> <span class='ocrx_word' id='word_1_52' title='bbox 1500 1410 1609 1497; x_wconf 68' lang='grc' dir='ltr'><strong>ἔθηκε.</strong></span> 
     </span>
     <span class='ocr_line' id='line_1_8' title="bbox 594 1519 1653 1611; baseline 0.002 -23"><span class='ocrx_word' id='word_1_53' title='bbox 594 1523 687 1589; x_wconf 89' lang='lat' dir='ltr'>XVII</span> <span class='ocrx_word' id='word_1_54' title='bbox 705 1524 780 1590; x_wconf 79' lang='lat'><strong>379.</strong></span> <span class='ocrx_word' id='word_1_55' title='bbox 804 1519 842 1589; x_wconf 83' lang='grc' dir='ltr'>σδ</span> <span class='ocrx_word' id='word_1_56' title='bbox 866 1524 904 1589; x_wconf 70' lang='grc' dir='ltr'>δὲ</span> <span class='ocrx_word' id='word_1_57' title='bbox 926 1529 993 1590; x_wconf 75' lang='grc' dir='ltr'>καί</span> <span class='ocrx_word' id='word_1_58' title='bbox 1015 1529 1109 1610; x_wconf 76' lang='grc' dir='ltr'><strong><em>προτὶ</em></strong></span> <span class='ocrx_word' id='word_1_59' title='bbox 1132 1522 1230 1609; x_wconf 71' lang='grc' dir='ltr'><strong><em>(ποθι</em></strong></span> <span class='ocrx_word' id='word_1_60' title='bbox 1252 1522 1375 1611; x_wconf 87' lang='lat' dir='ltr'>Ameis)</span> <span class='ocrx_word' id='word_1_61' title='bbox 1398 1524 1510 1591; x_wconf 78' lang='grc' dir='ltr'><strong><em>τόνδ’</em></strong></span> <span class='ocrx_word' id='word_1_62' title='bbox 1530 1528 1608 1592; x_wconf 75' lang='grc' dir='ltr'><strong><em>διιδ-</em></strong></span> <span class='ocrx_word' id='word_1_63' title='bbox 1644 1552 1653 1568; x_wconf 78' lang='grc'>-’</span> 
     </span>
    </p>
   </div>
   <div class='ocr_carea' id='block_1_5' title="bbox 593 1639 1608 1839">
    <p class='ocr_par' dir='ltr' id='par_1_5' title="bbox 593 1639 1608 1839">
     <span class='ocr_line' id='line_1_9' title="bbox 593 1639 1608 1728; baseline 0.004 -24"><span class='ocrx_word' id='word_1_64' title='bbox 593 1639 709 1716; x_wconf 75' lang='grc' dir='ltr'><strong><em>λιστος</em></strong></span> <span class='ocrx_word' id='word_1_65' title='bbox 742 1639 900 1723; x_wconf 86' lang='lat' dir='ltr'>pertinere</span> <span class='ocrx_word' id='word_1_66' title='bbox 929 1640 1055 1710; x_wconf 78' lang='lat' dir='ltr'>videtur</span> <span class='ocrx_word' id='word_1_67' title='bbox 1087 1640 1131 1709; x_wconf 84' lang='lat' dir='ltr'>od</span> <span class='ocrx_word' id='word_1_68' title='bbox 1163 1640 1346 1728; x_wconf 82' lang='lat' dir='ltr'>anaphorae</span> <span class='ocrx_word' id='word_1_69' title='bbox 1379 1643 1523 1727; x_wconf 86' lang='lat' dir='ltr'>figuram.</span> <span class='ocrx_word' id='word_1_70' title='bbox 1567 1642 1608 1711; x_wconf 86' lang='lat' dir='ltr'>of.</span> 
     </span>
     <span class='ocr_line' id='line_1_10' title="bbox 594 1754 862 1839; baseline 0.022 -19"><span class='ocrx_word' id='word_1_71' title='bbox 594 1772 663 1839; x_wconf 89' lang='lat' dir='ltr'>oap.</span> <span class='ocrx_word' id='word_1_72' title='bbox 675 1754 725 1820; x_wconf 93' lang='lat' dir='ltr'>III</span> <span class='ocrx_word' id='word_1_73' title='bbox 745 1754 809 1832; x_wconf 68' lang='lat' dir='ltr'>§b</span> <span class='ocrx_word' id='word_1_74' title='bbox 859 1821 862 1826; x_wconf 88' lang='lat'><em>.</em></span> 
     </span>
    </p>
   </div>
   <div class='ocr_carea' id='block_1_6' title="bbox 845 1922 1361 2021">
    <p class='ocr_par' dir='ltr' id='par_1_6' title="bbox 845 1922 1361 2021">
     <span class='ocr_line' id='line_1_11' title="bbox 845 1922 1361 2021; baseline 0.006 -25"><span class='ocrx_word' id='word_1_75' title='bbox 845 1932 896 1997; x_wconf 90' lang='grc'>10.</span> <span class='ocrx_word' id='word_1_76' title='bbox 924 1925 977 1999; x_wconf 82' lang='lat' dir='ltr'>De</span> <span class='ocrx_word' id='word_1_77' title='bbox 993 1922 1161 2021; x_wconf 68' lang='lat' dir='ltr'>particulis</span> <span class='ocrx_word' id='word_1_78' title='bbox 1183 1932 1225 1999; x_wconf 82' lang='grc' dir='ltr'>ἄν</span> <span class='ocrx_word' id='word_1_79' title='bbox 1248 1945 1276 2000; x_wconf 82' lang='lat' dir='ltr'>et</span> <span class='ocrx_word' id='word_1_80' title='bbox 1297 1937 1361 2001; x_wconf 76' lang='grc' dir='ltr'>νίν.</span> 
     </span>
    </p>
   </div>
   <div class='ocr_carea' id='block_1_7' title="bbox 521 2090 1609 4377">
    <p class='ocr_par' dir='ltr' id='par_1_7' title="bbox 521 2090 1609 4377">
     <span class='ocr_line' id='line_1_12' title="bbox 590 2090 1609 2197; baseline 0.006 -30"><span class='ocrx_word' id='word_1_81' title='bbox 590 2168 607 2180; x_wconf 55' lang='grc'>,,</span> <span class='ocrx_word' id='word_1_82' title='bbox 634 2100 841 2176; x_wconf 83' lang='lat' dir='ltr'>.Partionlas</span> <span class='ocrx_word' id='word_1_83' title='bbox 873 2100 915 2197; x_wconf 79' lang='grc' dir='ltr'>ἄν</span> <span class='ocrx_word' id='word_1_84' title='bbox 933 2090 981 2180; x_wconf 86' lang='lat' dir='ltr'>et</span> <span class='ocrx_word' id='word_1_85' title='bbox 1017 2103 1072 2168; x_wconf 80' lang='grc' dir='ltr'>νίν</span> <span class='ocrx_word' id='word_1_86' title='bbox 1106 2101 1170 2169; x_wconf 89' lang='lat' dir='ltr'>iam</span> <span class='ocrx_word' id='word_1_87' title='bbox 1203 2102 1361 2170; x_wconf 84' lang='lat' dir='ltr'>Homerus</span> <span class='ocrx_word' id='word_1_88' title='bbox 1394 2103 1443 2170; x_wconf 89' lang='lat' dir='ltr'>sio</span> <span class='ocrx_word' id='word_1_89' title='bbox 1475 2104 1609 2173; x_wconf 84' lang='lat' dir='ltr'>oollooat</span> 
     </span>
     <span class='ocr_line' id='line_1_13' title="bbox 592 2216 1608 2304; baseline 0.004 -21"><span class='ocrx_word' id='word_1_90' title='bbox 592 2217 626 2283; x_wconf 93' lang='lat' dir='ltr'>in</span> <span class='ocrx_word' id='word_1_91' title='bbox 658 2216 845 2301; x_wconf 82' lang='lat' dir='ltr'>enuntiatis,</span> <span class='ocrx_word' id='word_1_92' title='bbox 882 2224 917 2283; x_wconf 86' lang='lat' dir='ltr'>ut</span> <span class='ocrx_word' id='word_1_93' title='bbox 950 2217 998 2284; x_wconf 79' lang='lat' dir='ltr'>ein</span> <span class='ocrx_word' id='word_1_94' title='bbox 1031 2218 1194 2286; x_wconf 80' lang='lat' dir='ltr'>vocabulis</span> <span class='ocrx_word' id='word_1_95' title='bbox 1227 2238 1322 2302; x_wconf 89' lang='lat' dir='ltr'>quam</span> <span class='ocrx_word' id='word_1_96' title='bbox 1359 2219 1502 2304; x_wconf 83' lang='lat' dir='ltr'>proxime</span> <span class='ocrx_word' id='word_1_97' title='bbox 1536 2222 1608 2287; x_wconf 86' lang='lat' dir='ltr'>sub</span> 
     </span>
     <span class='ocr_line' id='line_1_14' title="bbox 592 2332 1608 2420; baseline 0.005 -22"><span class='ocrx_word' id='word_1_98' title='bbox 592 2333 694 2416; x_wconf 82' lang='lat' dir='ltr'>iioiat,</span> <span class='ocrx_word' id='word_1_99' title='bbox 722 2352 805 2416; x_wconf 83' lang='lat' dir='ltr'>quoe</span> <span class='ocrx_word' id='word_1_100' title='bbox 833 2332 966 2400; x_wconf 85' lang='lat' dir='ltr'>maximi</span> <span class='ocrx_word' id='word_1_101' title='bbox 993 2332 1059 2400; x_wconf 89' lang='lat' dir='ltr'>sint</span> <span class='ocrx_word' id='word_1_102' title='bbox 1080 2334 1234 2420; x_wconf 85' lang='lat' dir='ltr'>¹ponderis</span> <span class='ocrx_word' id='word_1_103' title='bbox 1256 2335 1290 2399; x_wconf 93' lang='lat' dir='ltr'>in</span> <span class='ocrx_word' id='word_1_104' title='bbox 1312 2335 1494 2419; x_wconf 81' lang='lat' dir='ltr'>sententiis,</span> <span class='ocrx_word' id='word_1_105' title='bbox 1520 2335 1608 2403; x_wconf 84' lang='lat' dir='ltr'>velot</span> 
     </span>
     <span class='ocr_line' id='line_1_15' title="bbox 592 2443 1607 2534; baseline -0.002 -18"><span class='ocrx_word' id='word_1_106' title='bbox 592 2448 753 2517; x_wconf 81' lang='lat' dir='ltr'>adverbiis</span> <span class='ocrx_word' id='word_1_107' title='bbox 770 2448 947 2531; x_wconf 58' lang='lat' dir='ltr'>negativis(</span> <span class='ocrx_word' id='word_1_108' title='bbox 971 2448 1013 2516; x_wconf 88' lang='lat' dir='ltr'>of.</span> <span class='ocrx_word' id='word_1_109' title='bbox 1028 2448 1066 2516; x_wconf 91' lang='grc' dir='ltr'><strong>Ο.</strong></span> <span class='ocrx_word' id='word_1_110' title='bbox 1081 2449 1146 2514; x_wconf 89' lang='lat' dir='ltr'>XX</span> <span class='ocrx_word' id='word_1_111' title='bbox 1162 2451 1237 2517; x_wconf 88' lang='grc'><strong>392.</strong></span> <span class='ocrx_word' id='word_1_112' title='bbox 1259 2448 1395 2534; x_wconf 87' lang='grc' dir='ltr'><strong><em>Δόρποο</em></strong></span> <span class='ocrx_word' id='word_1_113' title='bbox 1416 2443 1451 2514; x_wconf 85' lang='grc' dir='ltr'>δ’</span> <span class='ocrx_word' id='word_1_114' title='bbox 1465 2446 1534 2516; x_wconf 77' lang='grc' dir='ltr'>οὐκ</span> <span class='ocrx_word' id='word_1_115' title='bbox 1556 2445 1583 2512; x_wconf 83' lang='grc' dir='ltr'>οἴ</span> <span class='ocrx_word' id='word_1_116' title='bbox 1586 2473 1607 2514; x_wconf 91' lang='grc' dir='ltr'><strong><em>ν</em></strong></span> 
     </span>
     <span class='ocr_line' id='line_1_16' title="bbox 592 2560 1605 2649; baseline -0.001 -19"><span class='ocrx_word' id='word_1_117' title='bbox 592 2587 671 2641; x_wconf 83' lang='grc' dir='ltr'><strong><em>παις</em></strong></span> <span class='ocrx_word' id='word_1_118' title='bbox 689 2561 905 2649; x_wconf 63' lang='grc' dir='ltr'><strong><em>«α’χαρίστερον</em></strong></span> <span class='ocrx_word' id='word_1_119' title='bbox 928 2562 1009 2628; x_wconf 84' lang='grc' dir='ltr'><strong><em>ἄλλο</em></strong></span> <span class='ocrx_word' id='word_1_120' title='bbox 1029 2567 1166 2643; x_wconf 78' lang='grc' dir='ltr'>γένοιτο.</span> <span class='ocrx_word' id='word_1_121' title='bbox 1202 2566 1232 2630; x_wconf 89' lang='lat' dir='ltr'>J.</span> <span class='ocrx_word' id='word_1_122' title='bbox 1247 2564 1340 2630; x_wconf 89' lang='lat' dir='ltr'>XVII</span> <span class='ocrx_word' id='word_1_123' title='bbox 1357 2565 1430 2630; x_wconf 79' lang='lat'>711.</span> <span class='ocrx_word' id='word_1_124' title='bbox 1456 2560 1512 2630; x_wconf 82' lang='lat' dir='ltr'>0o’</span> <span class='ocrx_word' id='word_1_125' title='bbox 1531 2564 1605 2649; x_wconf 74' lang='grc' dir='ltr'>γάρ</span> 
     </span>
     <span class='ocr_line' id='line_1_17' title="bbox 592 2661 1604 2764; baseline 0.004 -22"><span class='ocrx_word' id='word_1_126' title='bbox 592 2701 672 2754; x_wconf 82' lang='grc' dir='ltr'>πως</span> <span class='ocrx_word' id='word_1_127' title='bbox 699 2682 747 2744; x_wconf 78' lang='grc' dir='ltr'>ἂν</span> <span class='ocrx_word' id='word_1_128' title='bbox 774 2676 892 2763; x_wconf 80' lang='grc' dir='ltr'><strong><em>γυμνὸς</em></strong></span> <span class='ocrx_word' id='word_1_129' title='bbox 919 2661 984 2742; x_wconf 76' lang='grc' dir='ltr'>ἕδν</span> <span class='ocrx_word' id='word_1_130' title='bbox 1007 2676 1150 2764; x_wconf 75' lang='grc' dir='ltr'><strong><em>Τρώεσσι</em></strong></span> <span class='ocrx_word' id='word_1_131' title='bbox 1174 2679 1322 2763; x_wconf 76' lang='grc' dir='ltr'>μάχοιτο.</span> <span class='ocrx_word' id='word_1_132' title='bbox 1360 2678 1397 2745; x_wconf 92' lang='grc' dir='ltr'><strong>Ο.</strong></span> <span class='ocrx_word' id='word_1_133' title='bbox 1412 2680 1506 2750; x_wconf 90' lang='lat' dir='ltr'>XVII</span> <span class='ocrx_word' id='word_1_134' title='bbox 1527 2680 1604 2746; x_wconf 82' lang='lat'>455.</span> 
     </span>
     <span class='ocr_line' id='line_1_18' title="bbox 595 2790 1604 2883; baseline -0.001 -23"><span class='ocrx_word' id='word_1_135' title='bbox 595 2790 651 2860; x_wconf 84' lang='grc' dir='ltr'>Οδ</span> <span class='ocrx_word' id='word_1_136' title='bbox 679 2794 721 2860; x_wconf 85' lang='grc' dir='ltr'>σύ</span> <span class='ocrx_word' id='word_1_137' title='bbox 745 2792 780 2876; x_wconf 76' lang='grc' dir='ltr'>γ’</span> <span class='ocrx_word' id='word_1_138' title='bbox 800 2797 849 2861; x_wconf 77' lang='grc' dir='ltr'>ἂν</span> <span class='ocrx_word' id='word_1_139' title='bbox 876 2794 912 2873; x_wconf 71' lang='grc' dir='ltr'>ἐξ</span> <span class='ocrx_word' id='word_1_140' title='bbox 941 2797 1034 2860; x_wconf 79' lang='grc' dir='ltr'><strong><em>οἴκου</em></strong></span> <span class='ocrx_word' id='word_1_141' title='bbox 1062 2796 1107 2883; x_wconf 77' lang='grc' dir='ltr'>σῷ</span> <span class='ocrx_word' id='word_1_142' title='bbox 1133 2793 1284 2883; x_wconf 73' lang='grc' dir='ltr'><strong><em>ἐπιστάτῃ</em></strong></span> <span class='ocrx_word' id='word_1_143' title='bbox 1312 2790 1388 2859; x_wconf 70' lang='grc' dir='ltr'><strong><em>οὐδ’</em></strong></span> <span class='ocrx_word' id='word_1_144' title='bbox 1410 2793 1477 2858; x_wconf 83' lang='grc' dir='ltr'>ἅλα</span> <span class='ocrx_word' id='word_1_145' title='bbox 1505 2793 1604 2879; x_wconf 70' lang='grc' dir='ltr'><strong><em>δοίης.</em></strong></span> 
     </span>
     <span class='ocr_line' id='line_1_19' title="bbox 592 2904 1604 2996; baseline 0 -20"><span class='ocrx_word' id='word_1_146' title='bbox 592 2910 622 2976; x_wconf 87' lang='lat' dir='ltr'>J.</span> <span class='ocrx_word' id='word_1_147' title='bbox 637 2909 681 2975; x_wconf 95' lang='lat' dir='ltr'>IV</span> <span class='ocrx_word' id='word_1_148' title='bbox 696 2910 771 2976; x_wconf 83' lang='lat'>345.</span> <span class='ocrx_word' id='word_1_149' title='bbox 795 2912 854 2975; x_wconf 73' lang='grc' dir='ltr'>νῦν</span> <span class='ocrx_word' id='word_1_150' title='bbox 870 2911 906 2975; x_wconf 80' lang='grc' dir='ltr'>δὲ</span> <span class='ocrx_word' id='word_1_151' title='bbox 922 2909 1045 2996; x_wconf 84' lang='grc' dir='ltr'><strong><em>φίλως</em></strong></span> <span class='ocrx_word' id='word_1_152' title='bbox 1067 2906 1099 2991; x_wconf 79' lang='grc' dir='ltr'>χ’</span> <span class='ocrx_word' id='word_1_153' title='bbox 1114 2904 1243 2996; x_wconf 77' lang='grc' dir='ltr'><strong><em>ὁρόῳτε,</em></strong></span> <span class='ocrx_word' id='word_1_154' title='bbox 1266 2914 1321 2973; x_wconf 75' lang='grc' dir='ltr'>καὶ</span> <span class='ocrx_word' id='word_1_155' title='bbox 1340 2910 1371 2973; x_wconf 76' lang='grc' dir='ltr'>εί</span> <span class='ocrx_word' id='word_1_156' title='bbox 1388 2908 1467 2974; x_wconf 83' lang='grc' dir='ltr'><strong><em>δέκα</em></strong></span> <span class='ocrx_word' id='word_1_157' title='bbox 1487 2910 1604 2995; x_wconf 77' lang='grc' dir='ltr'><strong><em>πύργοι</em></strong></span> 
     </span>
     <span class='ocr_line' id='line_1_20' title="bbox 590 3020 1606 3110; baseline -0.002 -19"><span class='ocrx_word' id='word_1_158' title='bbox 590 3023 730 3106; x_wconf 73' lang='grc' dir='ltr'><strong><em>Ἀχαιῶν</em></strong></span> <span class='ocrx_word' id='word_1_159' title='bbox 752 3020 888 3109; x_wconf 80' lang='grc' dir='ltr'><strong><em>Ὑμείων</em></strong></span> <span class='ocrx_word' id='word_1_160' title='bbox 915 3022 1125 3110; x_wconf 70' lang='grc' dir='ltr'><strong><em>προπάροιθε</em></strong></span> <span class='ocrx_word' id='word_1_161' title='bbox 1153 3027 1322 3109; x_wconf 72' lang='grc' dir='ltr'><strong><em>μαχοίατο.</em></strong></span> <span class='ocrx_word' id='word_1_162' title='bbox 1364 3025 1440 3091; x_wconf 89' lang='lat' dir='ltr'>VIII</span> <span class='ocrx_word' id='word_1_163' title='bbox 1463 3026 1536 3092; x_wconf 82' lang='lat'><strong>196.</strong></span> <span class='ocrx_word' id='word_1_164' title='bbox 1563 3028 1606 3090; x_wconf 84' lang='grc' dir='ltr'>Εί</span> 
     </span>
     <span class='ocr_line' id='line_1_21' title="bbox 592 3135 1604 3232; baseline 0.002 -27"><span class='ocrx_word' id='word_1_165' title='bbox 592 3141 692 3206; x_wconf 82' lang='grc' dir='ltr'><strong><em>τούτω</em></strong></span> <span class='ocrx_word' id='word_1_166' title='bbox 716 3163 752 3204; x_wconf 90' lang='grc' dir='ltr'>ιιε</span> <span class='ocrx_word' id='word_1_167' title='bbox 774 3140 928 3223; x_wconf 74' lang='grc' dir='ltr'><strong><em>λάβοιμεν</em></strong></span> <span class='ocrx_word' id='word_1_168' title='bbox 951 3135 1048 3223; x_wconf 84' lang='lat' dir='ltr'>(=V</span> <span class='ocrx_word' id='word_1_169' title='bbox 1066 3137 1161 3224; x_wconf 80' lang='lat'><strong>273),</strong></span> <span class='ocrx_word' id='word_1_170' title='bbox 1185 3140 1356 3225; x_wconf 71' lang='grc' dir='ltr'><strong><em>ἐελποίμην</em></strong></span> <span class='ocrx_word' id='word_1_171' title='bbox 1378 3163 1434 3205; x_wconf 83' lang='grc' dir='ltr'>κεν</span> <span class='ocrx_word' id='word_1_172' title='bbox 1453 3138 1604 3232; x_wconf 72' lang='grc' dir='ltr'><strong><em>Ἀχαιοδς</em></strong></span> 
     </span>
     <span class='ocr_line' id='line_1_22' title="bbox 592 3254 1604 3341; baseline 0.001 -20"><span class='ocrx_word' id='word_1_173' title='bbox 592 3292 636 3303; x_wconf 89' lang='lat'>-</span> <span class='ocrx_word' id='word_1_174' title='bbox 658 3257 745 3341; x_wconf 76' lang='grc' dir='ltr'><strong><em>νηῶν</em></strong></span> <span class='ocrx_word' id='word_1_175' title='bbox 766 3254 970 3340; x_wconf 71' lang='grc' dir='ltr'>ἐπιβησέμεν.</span> <span class='ocrx_word' id='word_1_176' title='bbox 996 3255 1050 3321; x_wconf 83' lang='lat' dir='ltr'>Fit</span> <span class='ocrx_word' id='word_1_177' title='bbox 1071 3256 1156 3321; x_wconf 88' lang='lat' dir='ltr'>enirn</span> <span class='ocrx_word' id='word_1_178' title='bbox 1178 3256 1335 3322; x_wconf 81' lang='lat' dir='ltr'>commoni</span> <span class='ocrx_word' id='word_1_179' title='bbox 1356 3258 1520 3324; x_wconf 86' lang='lat' dir='ltr'>verborum</span> <span class='ocrx_word' id='word_1_180' title='bbox 1543 3257 1604 3323; x_wconf 91' lang='lat' dir='ltr'>ool·</span> 
     </span>
     <span class='ocr_line' id='line_1_23' title="bbox 591 3370 1604 3458; baseline 0 -21"><span class='ocrx_word' id='word_1_181' title='bbox 591 3371 757 3439; x_wconf 76' lang='lat' dir='ltr'>locationis</span> <span class='ocrx_word' id='word_1_182' title='bbox 779 3371 859 3455; x_wconf 71' lang='lat' dir='ltr'>lege,</span> <span class='ocrx_word' id='word_1_183' title='bbox 882 3377 917 3436; x_wconf 85' lang='lat' dir='ltr'>ut</span> <span class='ocrx_word' id='word_1_184' title='bbox 939 3370 972 3437; x_wconf 91' lang='lat' dir='ltr'>in</span> <span class='ocrx_word' id='word_1_185' title='bbox 986 3371 1167 3455; x_wconf 86' lang='lat' dir='ltr'>enuntiatis,</span> <span class='ocrx_word' id='word_1_186' title='bbox 1186 3390 1268 3453; x_wconf 82' lang='lat' dir='ltr'>quoe</span> <span class='ocrx_word' id='word_1_187' title='bbox 1282 3372 1437 3439; x_wconf 84' lang='lat' dir='ltr'>levissimi</span> <span class='ocrx_word' id='word_1_188' title='bbox 1451 3373 1515 3440; x_wconf 85' lang='lat' dir='ltr'>sint</span> <span class='ocrx_word' id='word_1_189' title='bbox 1529 3393 1604 3458; x_wconf 90' lang='lat' dir='ltr'>pon·</span> 
     </span>
     <span class='ocr_line' id='line_1_24' title="bbox 521 3485 1604 3577; baseline -0.003 -21"><span class='ocrx_word' id='word_1_190' title='bbox 521 3553 523 3556; x_wconf 84' lang='lat'>.</span> <span class='ocrx_word' id='word_1_191' title='bbox 570 3486 688 3577; x_wconf 63' lang='lat' dir='ltr'>,deris</span> <span class='ocrx_word' id='word_1_192' title='bbox 711 3487 772 3571; x_wconf 87' lang='lat' dir='ltr'>eis,</span> <span class='ocrx_word' id='word_1_193' title='bbox 795 3506 877 3569; x_wconf 86' lang='lat' dir='ltr'>quae</span> <span class='ocrx_word' id='word_1_194' title='bbox 899 3486 1097 3572; x_wconf 84' lang='lat' dir='ltr'>gravissimi,</span> <span class='ocrx_word' id='word_1_195' title='bbox 1126 3485 1269 3572; x_wconf 85' lang='lat' dir='ltr'>proxime</span> <span class='ocrx_word' id='word_1_196' title='bbox 1290 3487 1341 3554; x_wconf 90' lang='lat' dir='ltr'>vel</span> <span class='ocrx_word' id='word_1_197' title='bbox 1363 3488 1604 3572; x_wconf 85' lang='lat' dir='ltr'>praemittantur</span> 
     </span>
     <span class='ocr_line' id='line_1_25' title="bbox 592 3600 1603 3689; baseline -0.004 -18"><span class='ocrx_word' id='word_1_198' title='bbox 592 3604 644 3671; x_wconf 83' lang='lat' dir='ltr'>vel</span> <span class='ocrx_word' id='word_1_199' title='bbox 666 3603 872 3669; x_wconf 85' lang='lat' dir='ltr'>subiioiantur</span> <span class='ocrx_word' id='word_1_200' title='bbox 893 3603 978 3668; x_wconf 90' lang='lat' dir='ltr'>velut</span> <span class='ocrx_word' id='word_1_201' title='bbox 1004 3601 1104 3669; x_wconf 88' lang='lat' dir='ltr'>thesis</span> <span class='ocrx_word' id='word_1_202' title='bbox 1127 3601 1201 3667; x_wconf 86' lang='lat' dir='ltr'>arsi.</span> <span class='ocrx_word' id='word_1_203' title='bbox 1241 3602 1343 3670; x_wconf 88' lang='lat' dir='ltr'>Verbo</span> <span class='ocrx_word' id='word_1_204' title='bbox 1365 3602 1539 3689; x_wconf 79' lang='lat' dir='ltr'>particulae</span> <span class='ocrx_word' id='word_1_205' title='bbox 1561 3600 1603 3667; x_wconf 86' lang='grc' dir='ltr'>ἄν</span> 
     </span>
     <span class='ocr_line' id='line_1_26' title="bbox 593 3716 1602 3802; baseline -0.004 -17"><span class='ocrx_word' id='word_1_206' title='bbox 593 3726 625 3786; x_wconf 86' lang='lat' dir='ltr'>et</span> <span class='ocrx_word' id='word_1_207' title='bbox 646 3723 701 3784; x_wconf 81' lang='grc' dir='ltr'>κέν</span> <span class='ocrx_word' id='word_1_208' title='bbox 716 3718 748 3783; x_wconf 94' lang='lat' dir='ltr'>in</span> <span class='ocrx_word' id='word_1_209' title='bbox 762 3717 939 3784; x_wconf 88' lang='lat' dir='ltr'>Homeriois</span> <span class='ocrx_word' id='word_1_210' title='bbox 960 3717 1123 3802; x_wconf 82' lang='lat' dir='ltr'>praemitti</span> <span class='ocrx_word' id='word_1_211' title='bbox 1135 3718 1251 3784; x_wconf 89' lang='lat' dir='ltr'>solent:</span> <span class='ocrx_word' id='word_1_212' title='bbox 1274 3718 1325 3784; x_wconf 88' lang='lat' dir='ltr'>oui</span> <span class='ocrx_word' id='word_1_213' title='bbox 1340 3726 1374 3784; x_wconf 91' lang='lat' dir='ltr'>ot</span> <span class='ocrx_word' id='word_1_214' title='bbox 1388 3716 1602 3800; x_wconf 85' lang='lat' dir='ltr'>subiioiantur‚</span> 
     </span>
     <span class='ocr_line' id='line_1_27' title="bbox 527 3812 1601 3923; baseline -0.005 -21"><span class='ocrx_word' id='word_1_215' title='bbox 527 3897 529 3902; x_wconf 79' lang='grc'>,</span> <span class='ocrx_word' id='word_1_216' title='bbox 593 3855 655 3900; x_wconf 93' lang='lat' dir='ltr'>non</span> <span class='ocrx_word' id='word_1_217' title='bbox 677 3833 720 3917; x_wconf 84' lang='lat' dir='ltr'>fit,</span> <span class='ocrx_word' id='word_1_218' title='bbox 745 3834 773 3899; x_wconf 90' lang='lat' dir='ltr'>si</span> <span class='ocrx_word' id='word_1_219' title='bbox 796 3839 880 3900; x_wconf 87' lang='lat' dir='ltr'>reete</span> <span class='ocrx_word' id='word_1_220' title='bbox 902 3812 1263 3916; x_wconf 75' lang='lat' dir='ltr'>observavi‚f&#39;nisi·post</span> <span class='ocrx_word' id='word_1_221' title='bbox 1285 3833 1517 3918; x_wconf 84' lang='lat' dir='ltr'>optativum‚.a</span> <span class='ocrx_word' id='word_1_222' title='bbox 1539 3850 1601 3923; x_wconf 87' lang='lat' dir='ltr'>qno</span> 
     </span>
     <span class='ocr_line' id='line_1_28' title="bbox 593 3917 1602 4034; baseline -0.005 -19"><span class='ocrx_word' id='word_1_223' title='bbox 593 3949 750 4015; x_wconf 84' lang='lat' dir='ltr'>sententia</span> <span class='ocrx_word' id='word_1_224' title='bbox 772 3948 892 4034; x_wconf 67' lang='lat' dir='ltr'>nepo.</span> <span class='ocrx_word' id='word_1_225' title='bbox 927 3948 966 4012; x_wconf 69' lang='lat' dir='ltr'>of.</span> <span class='ocrx_word' id='word_1_226' title='bbox 981 3947 1009 4013; x_wconf 83' lang='lat' dir='ltr'>J.</span> <span class='ocrx_word' id='word_1_227' title='bbox 1021 3947 1066 4011; x_wconf 79' lang='grc' dir='ltr'>ιι</span> <span class='ocrx_word' id='word_1_228' title='bbox 1078 3947 1130 4012; x_wconf 86' lang='lat'>94.</span> <span class='ocrx_word' id='word_1_229' title='bbox 1155 3948 1273 4031; x_wconf 62' lang='lat' dir='ltr'>maor</span> <span class='ocrx_word' id='word_1_230' title='bbox 1289 3970 1343 4011; x_wconf 70' lang='grc' dir='ltr'>αι</span> <span class='ocrx_word' id='word_1_231' title='bbox 1358 3917 1602 4034; x_wconf 55' lang='grc' dir='ltr'><strong><em>Μαι-ταλαι-</em></strong></span> 
     </span>
     <span class='ocr_line' id='line_1_29' title="bbox 593 4060 1601 4147; baseline -0.001 -19"><span class='ocrx_word' id='word_1_232' title='bbox 593 4067 731 4147; x_wconf 81' lang='grc' dir='ltr'><strong><em>προέμεν</em></strong></span> <span class='ocrx_word' id='word_1_233' title='bbox 753 4060 853 4145; x_wconf 78' lang='grc' dir='ltr'><strong><em>ταχὺν</em></strong></span> <span class='ocrx_word' id='word_1_234' title='bbox 875 4063 934 4127; x_wconf 86' lang='grc' dir='ltr'>ίόν.</span> <span class='ocrx_word' id='word_1_235' title='bbox 962 4062 1006 4128; x_wconf 96' lang='lat' dir='ltr'>VI</span> <span class='ocrx_word' id='word_1_236' title='bbox 1021 4062 1096 4127; x_wconf 88' lang='grc'><strong>285.</strong></span> <span class='ocrx_word' id='word_1_237' title='bbox 1118 4062 1160 4125; x_wconf 77' lang='lat' dir='ltr'>at</span> <span class='ocrx_word' id='word_1_238' title='bbox 1179 4060 1285 4125; x_wconf 76' lang='grc' dir='ltr'><strong><em>κεῖνόν</em></strong></span> <span class='ocrx_word' id='word_1_239' title='bbox 1306 4084 1343 4141; x_wconf 78' lang='grc' dir='ltr'>γε</span> <span class='ocrx_word' id='word_1_240' title='bbox 1364 4060 1466 4145; x_wconf 84' lang='grc' dir='ltr'><strong><em>ἴδοιμι</em></strong></span> <span class='ocrx_word' id='word_1_241' title='bbox 1487 4063 1601 4127; x_wconf 82' lang='grc' dir='ltr'><strong><em>κατελ·</em></strong></span> 
     </span>
     <span class='ocr_line' id='line_1_30' title="bbox 592 4175 1602 4264; baseline -0.001 -20"><span class='ocrx_word' id='word_1_242' title='bbox 592 4175 689 4245; x_wconf 71' lang='grc' dir='ltr'><strong><em>δόντ’</em></strong></span> <span class='ocrx_word' id='word_1_243' title='bbox 707 4178 820 4255; x_wconf 66' lang='grc' dir='ltr'><strong><em>Ἄϊδος</em></strong></span> <span class='ocrx_word' id='word_1_244' title='bbox 848 4181 939 4255; x_wconf 80' lang='grc' dir='ltr'><strong><em>εἴσω,</em></strong></span> <span class='ocrx_word' id='word_1_245' title='bbox 967 4180 1076 4263; x_wconf 75' lang='grc' dir='ltr'><strong><em>Φαίην</em></strong></span> <span class='ocrx_word' id='word_1_246' title='bbox 1104 4200 1139 4241; x_wconf 85' lang='grc' dir='ltr'>κε</span> <span class='ocrx_word' id='word_1_247' title='bbox 1161 4182 1220 4242; x_wconf 85' lang='lat' dir='ltr'>oet.</span> <span class='ocrx_word' id='word_1_248' title='bbox 1258 4175 1367 4241; x_wconf 88' lang='lat' dir='ltr'>XXIV</span> <span class='ocrx_word' id='word_1_249' title='bbox 1388 4176 1441 4243; x_wconf 85' lang='grc'><strong>56.</strong></span> <span class='ocrx_word' id='word_1_250' title='bbox 1463 4181 1525 4264; x_wconf 76' lang='grc' dir='ltr'>Εἴρ</span> <span class='ocrx_word' id='word_1_251' title='bbox 1548 4201 1602 4243; x_wconf 86' lang='grc' dir='ltr'>κεν</span> 
     </span>
     <span class='ocr_line' id='line_1_31' title="bbox 593 4288 1602 4377; baseline -0.005 -16"><span class='ocrx_word' id='word_1_252' title='bbox 593 4298 648 4361; x_wconf 75' lang='grc' dir='ltr'>ναὶ</span> <span class='ocrx_word' id='word_1_253' title='bbox 668 4296 761 4361; x_wconf 78' lang='grc' dir='ltr'><strong><em>τοῦτο</em></strong></span> <span class='ocrx_word' id='word_1_254' title='bbox 783 4288 857 4360; x_wconf 86' lang='grc' dir='ltr'><strong><em>τεδν</em></strong></span> <span class='ocrx_word' id='word_1_255' title='bbox 879 4290 965 4372; x_wconf 78' lang='grc' dir='ltr'><strong><em>ἔπος.</em></strong></span> <span class='ocrx_word' id='word_1_256' title='bbox 981 4358 983 4362; x_wconf 85' lang='grc'>,</span> <span class='ocrx_word' id='word_1_257' title='bbox 999 4292 1036 4360; x_wconf 93' lang='grc'><strong>0.</strong></span> <span class='ocrx_word' id='word_1_258' title='bbox 1051 4294 1068 4358; x_wconf 95' lang='grc' dir='ltr'>Ι</span> <span class='ocrx_word' id='word_1_259' title='bbox 1083 4292 1158 4359; x_wconf 88' lang='grc'><strong>228.</strong></span> <span class='ocrx_word' id='word_1_260' title='bbox 1180 4289 1419 4376; x_wconf 75' lang='grc' dir='ltr'><strong><em>Νεμεσσήσαιτό</em></strong></span> <span class='ocrx_word' id='word_1_261' title='bbox 1441 4316 1496 4360; x_wconf 83' lang='grc' dir='ltr'>κεν</span> <span class='ocrx_word' id='word_1_262' title='bbox 1511 4290 1602 4377; x_wconf 81' lang='grc' dir='ltr'>δνήρ.</span> 
     </span>
    </p>
   </div>
   <div class='ocr_carea' id='block_1_8' title="bbox 0 0 2064 5234">
    <p class='ocr_par' dir='ltr' id='par_1_8' title="bbox 0 0 2064 5234">
     <span class='ocr_line' id='line_1_32' title="bbox 0 0 2064 5234; baseline 0 3"><span class='ocrx_word' id='word_1_263' title='bbox 0 0 2064 5234; x_wconf 95' lang='lat' dir='ltr'> </span> 
     </span>
    </p>
   </div>
  </div>
 </body>
</html>
