4117 5234
1010 690 1055 756 ro
1129 646 1141 665 ”

523 866 609 961 duod
623 871 689 934 est:
712 864 806 933 02V1
822 864 896 932 155.
918 869 984 949 τρὶς
998 864 1141 951 μάκαρες
1156 864 1193 930 δὲ
1208 864 1401 951 acervatur.
1434 865 1537 933 Maior·

521 982 667 1066 libertas,
692 982 726 1048 ni
748 981 848 1065 fallor,
870 980 965 1047 huius
987 980 1082 1047 unius
1104 981 1253 1059 loci'est:
1282 979 1320 1047 Ο.
1338 982 1382 1047 Vl
1402 982 1446 1046 99
1461 1000 1538 1066 σεο.

522 1097 578 1164 ubi
596 1106 645 1164 >ex
667 1096 842 1164 Aristarchi
871 1095 1057 1163 recensione
1085 1091 1144 1180 (cf.
1164 1095 1274 1162 Ameis
1302 1096 1346 1163 ad
1367 1096 1399 1162 h.
1413 1093 1456 1179 l.)
1478 1096 1539 1164 hoc
1609 1179 1611 1185 Ι

521 1212 650 1312 legitur:
674 1208 788 1298 Αὐτὰρ
811 1210 881 1277 ἐπεὶ
904 1213 992 1276 σίτου
1014 1210 1167 1295 τάρφθεν
1183 1210 1292 1295 δμωαί
1312 1236 1346 1276 τε
1367 1216 1422 1275 καὶ
1446 1208 1538 1298 αὐτή,

522 1330 651 1416 Σφαίρρ
665 1332 720 1393 ταὶ
733 1321 767 1392 δ’
779 1324 836 1412 ἄρ’
850 1324 982 1402 ἔπαιζον
997 1345 1057 1393 nec
1072 1327 1173 1393 solum
1184 1326 1388 1394 Aristarchea
1402 1327 1538 1394 lectione

523 1442 708 1527 continetur,
731 1442 817 1525 quod
832 1463 852 1508 a
868 1440 1096 1509 consuctudine
1110 1440 1280 1507 Homerica
1295 1440 1464 1527 discrepet,
1479 1441 1539 1509 sed

523 1557 619 1625 etiam
648 1558 695 1625 eis
723 1557 924 1640 lectionibus,
948 1576 1030 1639 quae
1060 1562 1148 1624 sunt:
1183 1558 1313 1647 Σφαίρρ
1341 1558 1406 1621 rat
1426 1554 1460 1637 γ’
1483 1552 1540 1641 ἄρ’

523 1670 657 1748 ἔπαιζον
671 1678 704 1740 et
725 1675 779 1738 cat
800 1669 832 1738 τ’
847 1667 907 1757 ἄρ’
921 1670 1063 1748 ἔπαιζον.
1097 1671 1184 1739 Solet
1199 1670 1284 1738 enirn
1299 1671 1455 1755 particula
1470 1667 1539 1756 ἄρα

522 1788 659 1873 apodosi
685 1788 797 1855 addita
823 1787 887 1854 nisi
913 1787 1076 1874 particulis
1099 1808 1120 1853 a
1142 1786 1244 1871 primo
1266 1786 1419 1870 apodosis
1442 1787 1538 1853 verbo

522 1925 587 1972 non
614 1905 749 1989 seiungi.
793 1902 988 1970 Adversatur
1016 1902 1113 1987 igitur
1141 1900 1329 1968 Homericus
1363 1901 1538 1985 particulae

524 2019 561 2084 dt
582 2041 660 2087 usus
682 2018 878 2087 Parmenisoi
907 2017 1099 2102 sententiae,
1128 2018 1183 2100 qui
1209 2017 1242 2082 in
1264 2016 1376 2083 iliadis
1398 2018 1467 2084 loco
1490 2036 1538 2102 eo,

523 2135 579 2218 qui
601 2143 665 2203 est:
688 2135 796 2201 XVIII
811 2134 887 2201 514.
911 2139 1024 2215 Τετχος
1046 2136 1107 2218 μέν
1124 2126 1158 2217 ῥ’
1172 2132 1288 2212 ἄλοχοί
1308 2155 1343 2195 τε
1366 2130 1460 2217 φίλαι
1484 2137 1539 2196 καὶ

523 2246 624 2335 νήπια
645 2253 742 2317 τέκνα
758 2227 865 2315 Ῥάαδ
888 2245 1089 2338 ἐφεσταότες,
1110 2244 1191 2330 μετά
1217 2243 1251 2311 δ’
1267 2242 1387 2331 άνέρες,
1410 2247 1466 2321 οὓς
1486 2245 1539 2327 ἔχε

523 2366 636 2448 γῆρας,
659 2384 756 2447 quum
781 2364 955 2449 putavisset
976 2361 1180 2448 participium
1208 2357 1397 2448 ἐφεσταότες
1420 2360 1462 2427 ad
1490 2382 1538 2446 ea,

524 2499 607 2562 quae
629 2487 703 2545 sunt
725 2475 841 2561 ἄλοχοι
863 2483 896 2545 et
916 2484 1020 2554 τέκνα,
1043 2477 1201 2562 pertinere
1220 2496 1284 2542 non
1299 2496 1405 2561 posse,
1429 2497 1538 2544 secun-

525 2593 599 2659 dam
610 2594 798 2661 seutentiam
813 2614 833 2659 a
852 2592 1019 2678 participio
1038 2591 1178 2676 incipere
1193 2592 1312 2658 statuit.
1338 2593 1376 2657 In
1391 2591 1452 2658 hoc
1463 2613 1537 2659 vero

524 2707 635 2774 Iliadis
646 2709 729 2775 loco:
743 2706 818 2773 VIII
827 2709 877 2773 19.
889 2708 929 2772 Ei
942 2705 977 2772 δ’
988 2706 1046 2788 ἄγε
1057 2707 1257 2793 πειρήσασθε
1266 2740 1320 2773 -.
1332 2704 1448 2792 Σειρὴν
1458 2730 1537 2793 χρυ·
1595 2738 1597 2742 ·

525 2827 612 2908 σείην
628 2823 663 2902 ἐξ
678 2819 864 2908 οὐρανόθεν
880 2820 1147 2907 κρεμάσαντες,
1163 2820 1292 2898 Πάντες
1307 2820 1338 2888 δ’
1355 2822 1538 2900 ἐξάπτεσθε

524 2940 600 3001 θεοὶ
611 2938 713 3002 πᾶσαί
723 2961 757 3001 τε
769 2941 917 3003 θέαιναι·
939 2930 1030 3004 Ἀλλ’
1045 2934 1103 3003 οὐκ
1117 2938 1160 3002 ἄν
1174 2934 1318 3023 ἐρύσαιτ’
1330 2970 1372 2983 -
1385 2938 1537 3003 πεδίονδε

524 3050 614 3139 Ζῆν’,
638 3053 671 3118 in
687 3073 749 3137 quo
764 3052 940 3136 Bekkcrus,
964 3052 1054 3119 onius
1076 3052 1233 3119 sententia
1248 3058 1332 3119 certe
1347 3052 1454 3138 specie
1470 3053 1537 3119 veri

524 3182 588 3233 non
604 3174 698 3252 caret,
714 3167 854 3252 scripsit:
878 3167 1005 3242 Πάντες
1025 3165 1057 3233 τ’
1071 3168 1254 3246 ἐξάπτεσθε
1268 3170 1345 3232 θεοί
1359 3174 1428 3252 cet,
1446 3153 1538 3234 collo

525 3282 642 3349 cationi
655 3282 829 3369 particulae
853 3281 891 3346 dt
913 3283 1021 3349 subest
1041 3283 1252 3351 anacoluthia.
1279 3284 1417 3349 Differre
1431 3290 1537 3349 autem

525 3397 559 3462 in
586 3398 790 3466 collocatione
819 3397 994 3482 particulae
1017 3398 1055 3463 δέ
1083 3399 1238 3466 sermonis
1260 3398 1421 3465 Homerici
1448 3398 1536 3482 leges
1596 3463 1598 3466 ,

524 3533 545 3580 a
571 3512 696 3597 legibus
723 3512 907 3598 posterioris
935 3513 1066 3601 aetatis,
1100 3520 1234 3598 apparet
1260 3513 1311 3580 vel
1341 3533 1382 3579 ex
1410 3511 1536 3579 diverso

523 3628 747 3712 particularum
771 3628 1006 3694 coniunctarum
1028 3632 1083 3703 aul
1106 3627 1144 3692 δέ
1166 3648 1234 3712 usu,
1262 3647 1341 3710 quas
1364 3627 1537 3694 Homerum

525 3748 648 3809 constat
668 3738 721 3827 (cf.
737 3742 776 3809 G.
791 3743 952 3809 Hermann
973 3743 1044 3828 Vig.
1066 3764 1098 3827 p.
1111 3743 1186 3808 847.
1210 3741 1307 3828 Orph.
1322 3741 1397 3827 Arg.
1412 3761 1444 3827 p.
1457 3738 1536 3826 768)

523 3877 695 3941 numquam
717 3876 781 3925 non
803 3858 850 3925 sic
872 3878 1040 3943 usurpare,
1070 3864 1104 3924 ut
1127 3858 1281 3943 particula
1304 3858 1342 3923 ct
1363 3856 1537 3925 secundam

524 3972 634 4038 sedern
662 3973 817 4039 enuntiati
845 3974 994 4041 obtineat.
1034 3973 1074 4041 cf.
1093 3972 1131 4039 Ο.
1151 3973 1227 4039 XIV
1249 3973 1302 4039 39.
1332 3977 1394 4037 Kal
1423 3973 1536 4057 δέμον

524 4080 612 4154 ἄλλα
639 4090 715 4151 θεοὶ
742 4087 844 4153 δόσαν
866 4087 977 4168 ἄλγεα.
997 4126 1042 4137 -
1071 4088 1270 4155 Batrachom.
1286 4090 1339 4154 21.
1366 4090 1422 4156 acl
1443 4092 1478 4153 σε
1500 4084 1536 4153 δ’

524 4194 589 4285 δρῶ
616 4201 719 4289 καλόν
740 4227 775 4270 τε
803 4207 856 4268 καὶ
876 4203 1024 4289 ἄλκιμον.
1062 4203 1178 4271 Aesch.
1199 4204 1304 4271 Prom.
1325 4204 1401 4270 973.
1423 4207 1479 4268 aci
1500 4204 1536 4282 σὲ

1321 4320 1341 4377 4
