4117 5234
1064 683 1107 747 32

577 863 606 929 J.
621 860 703 926 XXI
717 859 792 926 559.
816 856 898 946 ὄφρ’
913 856 956 924 ἄν
978 866 1095 945 ἵκωμαι
1110 856 1124 947 Η
1138 861 1223 946 Ἴδης
1245 885 1279 926 τε
1301 856 1441 947 κνημούς
1455 859 1539 924 κατά
1552 884 1587 925 τε

577 976 706 1066 ῥωπήϊα
730 974 809 1044 δύω.
842 976 950 1042 XXIV
965 977 1041 1042 632.
1063 975 1228 1061 Εἰσορύισν
1245 976 1325 1064 ὄψιν
1340 973 1519 1059 τ”δγαδην
1534 981 1587 1040 καὶ

576 1094 688 1178 μύθον
716 1090 853 1158 δκούων.
890 1091 927 1158 0.
948 1092 1025 1157 XVI
1045 1093 1076 1157 6.
1102 1094 1198 1177 νόησε
1214 1092 1265 1157 »δὲ
1292 1094 1361 1168 δῖος
1381 1088 1550 1168 Ὀδυσσεύς
1571 1086 1585 1175 Η
1625 1073 1628 1078 ’

576 1204 756 1283 §attonde
777 1232 814 1272 τε
834 1208 932 1282 κύνας
954 1210 1028 1293 περί
1049 1230 1083 1271 τε
1105 1208 1222 1284 κτύπος
1236 1204 1323 1292 ἦλθε
1338 1206 1479 1271 ποδοΐΐν.
1506 1204 1593 1271 ΧΙΧ·

578 1326 666 1390 367.
681 1321 847 1408 α’ριύμενος
869 1320 933 1397 εἷος
954 1328 1038 1387 ἵκοιο
1061 1317 1074 1405 ΙΙ
1098 1323 1201 1408 Ιῆράς
1222 1346 1256 1385 τε
1278 1318 1416 1405 λιπαρὸν
1436 1315 1588 1410 θρέψαιό

576 1464 611 1505 τε
644 1439 803 1525 φαίδιμον
836 1418 932 1515 υἱόν.
954 1437 1142 1520 quibuscum
1176 1438 1231 1503 illa
1258 1436 1472 1523 comparanda
1500 1444 1587 1503 sunt:

577 1554 775 1637 ΤΙιοο.Ιῖ2,
794 1554 822 1619 1.
845 1556 899 1616 καὶ
927 1546 1107 1638 ὑπόμνησιν
1129 1553 1331 1636 ποιήσασθαι
1358 1562 1425 1630 τοῖς
1452 1577 1488 1618 τε
1510 1576 1589 1637 πρε-

579 1674 740 1756 σβυτέροις
768 1663 815 1732 ὧν
843 1668 964 1759 ᾔδεσαν
991 1674 1046 1731 καὶ
1073 1680 1140 1745 τοῖς
1173 1671 1340 1752 νεωτέροις
1367 1668 1515 1753 ἐξήγησιν
1542 1662 1591 1732 σύν

578 1785 705 1868 ἄπειροι
726 1780 818 1869 ἦσαν.
852 1782 949 1866 Soph.
970 1783 1051 1848 Phil.
1074 1784 1169 1849 1410.
1197 1784 1333 1869 φάσκειν
1356 1781 1390 1847 δ’
1405 1781 1510 1870 σύδην
1533 1780 1590 1870 τὴν

581 1898 765 1983 Ηρακλέοιις
793 1894 874 1988 α’κοῇ
896 1920 930 1960 τε
953 1897 1062 1962 κλύειν
1084 1897 1228 1963 λεύσσειν
1249 1893 1281 1963 τ’
1296 1898 1386 1990 ὄψιν.
1420 1900 1542 1966 callim.
1558 1899 1589 1964 h.

578 2015 672 2081 Dian.
693 2014 745 2079 62.
771 2014 824 2100 Τῷ
852 2015 953 2098 σφέας
975 2009 1035 2077 ούκ
1057 2012 1238 2079 δτάλασσαν
1261 2011 1392 2099 δκηδέες
1409 2011 1590 2081 Ὠκεανῖναι

581 2125 660 2196 ούτ’
676 2128 775 2213 ἄντην
798 2127 895 2191 ἰδέειν
917 2127 992 2194 οὔτε
1011 2124 1134 2195 κτύπον
1150 2125 1247 2194 ούασι
1265 2129 1396 2212 δέχθαι.
1429 2131 1489 2197 His
1505 2130 1589 2197 enim

578 2246 612 2311 in
633 2245 727 2327 locis,
755 2263 851 2325 quum
875 2242 937 2309 duo
961 2244 1112 2311 orationis
1135 2246 1258 2311 articuli
1281 2267 1316 2312 se
1340 2245 1512 2331 excipiant,
1535 2226 1590 2327 qui

578 2360 649 2446 pari
667 2366 794 2426 utantur
808 2365 974 2445 potestate,
997 2361 1151 2444 posterior
1166 2382 1229 2427 non
1244 2362 1286 2428 ad
1301 2369 1401 2428 totum
1416 2362 1590 2428 membrum

578 2477 676 2561 prius,
700 2473 758 2540 sed
781 2473 823 2539 ad
846 2475 1033 2557 particulam
1056 2476 1125 2542 eius
1149 2478 1332 2544 annectitur.
1366 2477 1404 2541 Id
1427 2475 1511 2558 quod
1530 2474 1590 2540 hao

579 2592 701 2657 ratione
728 2588 796 2655 fieri
818 2588 956 2672 videtur,
986 2594 1021 2654 ut
1049 2589 1079 2654 ei
1108 2591 1221 2673 prioris
1249 2591 1381 2656 membri
1407 2590 1589 2675 particulae,

580 2723 662 2787 quae
692 2726 749 2789 per
778 2704 923 2790 copulam
952 2707 986 2767 τέ
1015 2705 1187 2770 conectitur
1213 2726 1284 2772 cum
1313 2692 1378 2771 toto
1407 2704 1588 2789 posteriore,

581 2819 734 2887 enuntiati
757 2818 859 2886 denuo
875 2819 1056 2904 incipientis
1071 2820 1119 2887 vis
1134 2821 1296 2886 tribuatur.
1330 2820 1377 2884 Ao
1391 2820 1590 2885 confirmatur

580 2936 659 3003 haec
682 2935 838 3002 sententia
860 2955 907 3015 eo,
932 2933 1017 3016 quod
1040 2935 1094 3001 ubi
1116 2955 1219 3001 sermo
1241 2935 1428 3001 Homericus
1451 2934 1590 3001 maxime
1687 2910 1696 2923 ⁰

581 3052 631 3117 sui
653 3050 765 3117 similis
789 3057 851 3133 cst,
878 3050 933 3115 illa
954 3048 1069 3133 prioris
1092 3050 1224 3116 membri
1246 3050 1401 3135 particula
1423 3051 1455 3115 in
1478 3069 1589 3117 versus
1659 3131 1663 3137 .

581 3167 669 3231 initio
698 3165 850 3230 collocata
877 3163 1045 3250 reperitur,
1073 3185 1288 3247 quaeremus
1317 3165 1411 3232 sedes
1438 3164 1590 3231 facillima

582 3287 631 3348 est
664 3281 697 3345 in
724 3279 907 3363 recipienda
936 3279 1132 3364 epanalepsi.
1161 3279 1201 3346 of.
1222 3280 1339 3347 Herod.
1360 3280 1404 3345 IV
1426 3281 1499 3345 127.
1527 3275 1588 3359 έγιδ

582 3393 701 3462 ούδένα
723 3419 768 3460 κα
792 3392 979 3478 ἀνθρώπων
996 3396 1105 3470 δείσας
1121 3393 1243 3480 ἔφυγον
1258 3392 1332 3461 σύτε
1346 3396 1502 3480 πρότερον
1517 3396 1590 3461 ούτε

582 3512 641 3577 νύν
664 3516 698 3575 σὲ
721 3506 816 3588 (falso
838 3511 953 3595 legitur
975 3512 1079 3577 enclit.
1102 3507 1216 3594 forma)
1240 3511 1358 3595 φεύγω.

649 3626 736 3693 Solet
764 3626 919 3713 particula
946 3629 981 3689 τέ
1008 3626 1053 3692 ita
1082 3626 1158 3692 addi
1187 3627 1337 3692 orationis
1367 3624 1522 3705 articulis,
1555 3629 1590 3687 ut

583 3744 690 3809 statim
719 3742 903 3808 subiiciatur
925 3743 1077 3808 vocabulo
1107 3715 1150 3823 ei,
1178 3764 1198 3808 a
1226 3762 1287 3824 quo
1318 3740 1480 3824 incipiunt.
1525 3735 1590 3802 Sed

583 3879 689 3924 eorum
713 3857 922 3940 articulorum,
945 3856 999 3938 qui
1016 3857 1172 3922 coniuncti
1189 3856 1396 3942 proferuntur,
1420 3853 1521 3937 primo
1536 3851 1591 3918 οδ-

583 3972 668 4038 ditae
691 3971 791 4038 maior
813 3972 899 4057 apud
914 3971 1085 4038 Homerum
1109 3971 1141 4036 in
1164 3971 1366 4038 collocatione
1387 3969 1516 4034 libertas
1532 3974 1589 4034 est.

583 4083 638 4171 (of.
659 4087 689 4152 J.
709 4086 817 4151 XXIV
838 4088 913 4153 474.
935 4086 1039 4169 Ἥρως
1068 4084 1266 4169 Αὐτομέδων
1294 4108 1328 4147 τε
1356 4087 1411 4147 καὶ
1428 4078 1596 4165 Ἄλκιμος.

583 4204 615 4270 ll
631 4203 705 4269 281.
728 4198 759 4266 οἳ
781 4206 902 4286 πρῶτοί
923 4226 957 4267 τε
979 4207 1034 4266 καὶ
1055 4201 1195 4266 ύστατοι.
1229 4199 1266 4266 Ο.
1277 4198 1386 4264 XVIII
1400 4200 1453 4266 38.
1469 4194 1506 4262 ‘O
1525 4203 1591 4277 ξετ-
