4117 5234
829 765 832 773 .
949 674 1109 776 ΔΒ...

519 850 663 934 ’Ἀχαιῶν
685 844 700 935 ΙΙ
715 846 792 915 ’nte
819 852 880 914 aol-
901 847 937 914 έα
960 849 1090 935 Τρώων.
1122 846 1216 916 XVII
1230 851 1305 918 227.
1329 854 1383 942 Τᾷ
1407 877 1455 931 τις
1475 854 1536 922 οὖν

526 964 603 1042 ἰθὺς
625 969 839 1052 τετραμμένος
860 968 881 1053 ἢ
902 962 1080 1032 ἀπολέσθω
1098 962 1111 1052 V
1123 963 1178 1032 Ἠέ
1200 969 1372 1053 σαωθήτω.

591 1080 723 1166 Propter
744 1100 830 1165 eam,
853 1081 894 1150 de
916 1101 980 1165 qna
1002 1081 1143 1167 agimus,
1165 1102 1277 1150 versus
1300 1082 1461 1150 Homerioi
1482 1105 1536 1152 na·

525 1201 624 1263 turam
652 1196 770 1264 deinde
797 1196 878 1264 haee
898 1198 1054 1266 voeabula
1080 1219 1119 1265 ao
1144 1199 1353 1283 loquutiones
1372 1199 1418 1266 lta
1446 1190 1537 1268 eollo-

523 1319 633 1380 oantnr
659 1312 823 1396 inversu,
852 1318 888 1378 nt
910 1320 1029 1379 sertam
1049 1313 1154 1397 legem
1177 1322 1358 1398 sequantur.
1394 1316 1536 1384 Primum

468 1517 472 1523 ‚
523 1444 571 1512 ea,
595 1446 679 1510 quae
700 1434 775 1494 sunt
796 1432 851 1492 ταὶ
873 1427 944 1493 τότε
966 1435 998 1495 ot
1022 1423 1063 1511 δὴ
1086 1428 1166 1505 τότε,
1188 1435 1220 1495 et
1242 1429 1297 1495 ubi
1319 1432 1463 1515 protasin
1484 1452 1537 1498 ex-

522 1544 643 1630 cipiunt
671 1551 704 1611 et
736 1544 790 1610 ubi
824 1543 858 1609 in
886 1543 1067 1610 narratione
1097 1543 1311 1610 eontinuanda
1337 1551 1537 1631 usurpantur,

521 1660 609 1746 apud
630 1661 809 1727 'Homerum
837 1678 948 1726 versus
981 1660 1118 1745 primam
1152 1659 1261 1726 sedem
1289 1666 1406 1727 tenent.
1444 1660 1538 1746 Apol-

520 1775 625 1843 Ionius
646 1775 742 1861 igitur
756 1795 848 1842 usum
863 1774 1066 1842 Homericum
1082 1774 1209 1857 reliquit
1223 1774 1277 1842 his
1288 1775 1382 1843 loeis:
1404 1775 1449 1841 lV
1461 1777 1536 1845 718.

522 1887 636 1978 Αὐτὰρ
665 1890 848 1974 aat'potta
875 1892 984 1957 πάντα
1005 1888 1187 1978 πονήσατο,
1220 1888 1260 1976 δὴ
1288 1889 1355 1957 τότ’
1375 1890 1486 1958 ἔπειτα
1510 1886 1536 1980 ΙΙ.

521 2004 598 2076 576.
624 2042 665 2056 -
680 2043 724 2055 -
738 2042 782 2054 -
797 2012 916 2074 -ααὶ
938 2008 1009 2073 τότε
1027 2003 1151 2090 βουλὰς
1168 2000 1181 2094 Η
1195 2004 1295 2094 ’Λμφ’
1310 2004 1421 2086 αὐτοῖς
1434 2004 1536 2096 Ζηνός

521 2148 557 2189 τε
583 2126 687 2209 μέγαν
712 2123 812 2206 χόλον
839 2121 996 2209 ἐφράσατ’
1010 2121 1101 2208 Ἤρη.
1138 2123 1265 2189 Deinde
1292 2119 1419 2206 τοιγάρ,
1450 2124 1537 2206 quod

523 2238 647 2306 renotat
675 2240 709 2305 in
736 2257 882 2306 sermone
904 2237 1027 2305 Graeco
1056 2257 1184 2322 semper
1210 2236 1357 2303 oollooari
1379 2237 1412 2301 in
1434 2238 1536 2322 primo

521 2352 632 2419 limine
647 2353 887 2436 enuntiatorum,
911 2353 945 2419 in
958 2352 1150 2419 carminibus
1165 2351 1352 2436 Homerieis,
1374 2351 1538 2436 inquibus

523 2484 593 2535 non
606 2468 722 2552 legitur
736 2468 800 2534 nisi
811 2467 1013 2534 ooniunetum
1029 2488 1100 2535 oum
1115 2467 1300 2554 pronomine
1314 2465 1387 2550 έγιέ,
1410 2486 1540 2554 semper

523 2603 588 2650 non
604 2583 701 2650 modo
714 2583 877 2651 enuntiata
892 2584 1012 2669 insipit,
1035 2583 1204 2652 sedetiam
1220 2603 1346 2652 versum
1362 2581 1416 2666 (of.
1427 2583 1536 2654 Ameis

524 2698 562 2766 Ο.
581 2695 658 2764 XIV
676 2693 764 2782 192).
803 2698 850 2764 Αο
883 2698 1028 2765 similiter
1060 2719 1097 2765 se
1124 2698 1221 2765 habet
1248 2698 1403 2783 particula
1430 2696 1450 2787 ἤ
1476 2723 1536 2767 τοι.

501 2860 503 2865 ·
524 2815 605 2883 Nam
628 2815 685 2900 eis,
708 2834 800 2901 qnae,
811 2813 852 2881 de
867 2814 936 2881 eins
951 2813 1167 2907 grammatiois
1183 2813 1397 2881 collocationis
1411 2814 1535 2897 legibus

469 2926 473 2933 ’
524 2952 621 3017 supra
641 2930 789 3014 diximus,
806 2929 991 2996 addendum
1013 2928 1128 3013 estid,
1151 2928 1236 3011 qnod
1257 2928 1300 2995 ad
1322 2929 1410 3014 leges
1433 2929 1537 2996 metri-

525 3067 579 3113 oas
602 3046 746 3131 pertinet,
768 3045 954 3130 particulam
978 3041 999 3129 ἧ
1013 3068 1062 3110 τοι
1081 3044 1226 3111 eollooari
1240 3045 1274 3110 in
1289 3045 1392 3130 prima
1405 3044 1536 3130 regione

524 3180 635 3229 versus
659 3168 724 3227 >aut
757 3159 790 3225 in
825 3160 933 3242 quinto
963 3159 1057 3245 pede.
1100 3160 1279 3246 Usurpatur
1307 3161 1392 3228 enirn
1420 3161 1536 3228 autin

525 3276 705 3360 sententiis,
741 3295 823 3358 qnae
857 3295 878 3341 a
910 3274 1012 3360 primo
1040 3295 1151 3342 versus
1184 3277 1267 3362 pedo
1295 3276 1449 3361 incipiunt
1478 3274 1536 3361 (ao

525 3397 591 3458 tum
613 3391 649 3457 fit
670 3397 705 3458 ut
726 3412 748 3457 a
769 3391 873 3476 prima
895 3391 972 3458 sede
994 3390 1149 3458 enuntiati
1165 3390 1369 3457 demoveatur
1382 3390 1535 3458 vooativis

524 3513 580 3574 aut
607 3506 876 3573 ooniunotionibus
901 3512 959 3572 ‘ant
986 3504 1232 3590 pronominibus.
1272 3504 1312 3571 of.
1333 3505 1364 3571 J.
1379 3505 1439 3571 VH
1462 3507 1535 3573 187.

518 3622 573 3700 Ὅς
594 3644 651 3707 μον
673 3619 860 3706 ἐπιγράψας
881 3625 975 3712 κυνέῃ
996 3620 1078 3704 βάλε
1101 3620 1256 3706 φαίδιμος
1278 3624 1374 3697 Αἴας,
1394 3615 1408 3706 Η
1426 3617 1469 3685 Ἦ
1488 3643 1537 3687 τοο

525 3734 686 3820 ὑπέσχεθε
707 3734 798 3822 χεέρῖ
839 3736 876 3803 Ο.
890 3737 938 3802 III
958 3737 1031 3803 126.
1051 3731 1208 3823 ΗἜνθή’
1230 3759 1279 3801 τοι
1301 3743 1373 3813 εἵως
1393 3739 1454 3819 μέν
1476 3742 1535 3803 cet.
1642 3823 1644 3831 y

524 3854 569 3920 IV
591 3854 663 3920 151.
691 3847 705 3940 ΙΙ
734 3857 796 3918 Καὶ
830 3855 890 3920 νῦν
918 3849 939 3938 ἦ
966 3875 1016 3918 τοι
1047 3852 1109 3933 ἐγώ
1142 3847 1219 3937 oet.)
1254 3857 1310 3918 aut
1343 3871 1535 3935 quamquam

525 3956 627 4035 rarius
649 3969 683 4034 in
705 3969 883 4053 sententiis,
912 3988 994 4051 quae
1017 3989 1039 4034 a
1061 3968 1169 4050 quinto
1192 3968 1275 4054 pede
1297 3967 1466 4053 incipiunt,
1489 3967 1536 4036 ita

526 4088 561 4148 ut
582 4083 655 4165 ipsa
670 4084 809 4151 obtineat
828 4091 936 4150 earum
951 4083 1085 4150 initium.
1114 4081 1154 4150 of.
1168 4083 1199 4150 J.
1214 4083 1275 4149 XV
1290 4083 1365 4149 699.
1389 4088 1480 4148 Totos
1498 4085 1535 4149 δέ

525 4184 780 4283 μαρναμέοοιστο
794 4195 845 4263 ὅδ’
865 4195 910 4286 ,ἦν
927 4199 1015 4276 νόος·
1038 4195 1061 4288 ἦ
1074 4195 1262 4280 τοτἈχαοσέ·
1274 4191 1289 4289 ss
1306 4205 1365 4266 oet.
1392 4199 1468 4265 XVI
1481 4198 1535 4265 61.
