4117 5234
1026 657 1057 732 ,7

965 748 1124 758 nn...—

539 841 580 907 ab
603 838 732 905 ineunte
755 836 912 905 sententia
933 837 1087 905 removeri
1104 829 1228 903 videtur
1243 835 1448 902 iudioandnm
1467 828 1551 902 esse.

539 957 577 1021 In
600 975 638 1021 eo
653 953 764 1048 Iliadis
779 952 856 1037 loeo,
880 953 935 1036 qui
950 959 1013 1021 est:
1035 953 1094 1018 VII
1110 952 1163 1017 31.
1179 951 1248 1016 inei
1264 945 1307 1026 ὥς
1324 952 1423 1039 φλλον
1437 950 1551 1017 ἔπλετο

540 1071 639 1158 θυμῷ
653 1065 752 1152 Ὑμτν
773 1064 969 1159 ἀθανάτῃσι,
992 1068 1092 1155 θυμῷ
1115 1067 1232 1133 dietum
1249 1074 1298 1133 est
1319 1088 1377 1153 pro
1393 1067 1429 1132 έν
1444 1067 1551 1155 θνμῷ.

545 1208 551 1214 ·
604 1184 745 1269 Longius
774 1185 890 1250 absunt
917 1185 957 1250 ab
986 1183 1193 1250 similitudine
1219 1184 1346 1270 figurae
1369 1179 1454 1247 καθ’
1473 1180 1552 1247 ὅλον

511 1358 514 1364 .
538 1305 593 1365 ναὶ
621 1294 704 1364 κατὰ
731 1277 829 1383 μέρος
853 1299 955 1366 dativi
981 1299 1125 1384 duplices
1148 1299 1193 1382 ei,
1222 1300 1277 1382 qui
1299 1300 1407 1366 insunt
1429 1298 1461 1362 in
1484 1297 1551 1363 his:

522 1460 528 1484 .<
538 1417 568 1484 J.
583 1418 612 1483 V
629 1416 702 1480 116.
726 1417 854 1479 εἴποτέ
875 1436 941 1498 μοι
964 1420 1017 1480 καὶ
1040 1419 1158 1498 πασρλ
1181 1414 1264 1498 φλλα
1287 1418 1470 1499 φρονέουσα
1485 1435 1551 1478 πα-

536 1534 656 1617 ρέστης.
682 1528 775 1595 XVII
793 1529 865 1595 195.
889 1529 911 1593 oi
934 1527 971 1594 ολ
994 1533 1070 1594 θεοὶ
1088 1526 1291 1612 Οὐρανίωνες
1312 1534 1432 1614 πατρὶ
1449 1529 1551 1615 φίλῳ

536 1644 665 1732 ἔπορον.
699 1643 737 1711 Ο.
752 1645 802 1710 IV
812 1646 887 1711 771.
915 1644 934 1709 d
957 1642 993 1709 ui
1016 1642 1121 1731 φόνος
1142 1642 1198 1709 oia
1220 1647 1374 1709 οέοοκιαι.
1407 1644 1440 1708 Π
1454 1642 1508 1710 45.
1531 1638 1550 1709 ὅ

535 1785 603 1847 μοι
624 1755 724 1826 κακὸν
745 1759 882 1844 ἔμπεσεν
905 1763 1007 1845 οἴκῳ.
1041 1760 1179 1826 111208.
1197 1756 1293 1827 ’Ata’
1309 1760 1348 1825 οὔ
1362 1782 1429 1845 μοι
1444 1760 1551 1825 nasutis

418 1879 420 1885 '
535 1901 593 1945 τον
625 1878 811 1944 έιοέιιλασαν
843 1880 920 1941 θεολ
947 1875 1048 1959 ὄλβον
1075 1879 1206 1961 Πατρλ
1230 1873 1259 1940 ι’
1281 1876 1359 1965 έμῷ
1388 1879 1442 1938 καλ
1468 1873 1550 1958 spot

535 1992 583 2061 XI
601 1994 674 2059 112.
696 1995 767 2060 τότε
788 2014 851 2057 σοι
872 1990 1061 2078 τεκμαίρομ’
1076 1988 1222 2080 ὄλεθρον
1235 1995 1311 2078 Napi
1333 2014 1367 2056 τε
1387 1995 1442 2055 aui
1456 1988 1550 2055 ἐτολ-

535 2131 637 2195 ροιςε
666 2109 785 2195 qnippe
808 2109 841 2174 in
863 2108 978 2193 quibus
1001 2115 1171 2195 appareat,
1198 2129 1262 2175 non
1284 2124 1414 2193 prorsus
1437 2106 1550 2174 eodem

529 2226 628 2291 'modo
645 2224 785 2291 dativum
800 2230 967 2307 utrumque
984 2224 1026 2291 ad
1037 2226 1167 2291 verbum
1178 2219 1337 2310 pertinere
1349 2221 1402 2306 (uf.
1409 2223 1549 2307 Nitnsoiu

535 2338 702 2422 0.1150).
730 2341 854 2406 Tamen
877 2328 976 2406 restat
992 2340 1053 2405 hoo
1069 2338 1294 2421 similitudinis,
1317 2338 1402 2421 quod
1418 2357 1549 2405 ossuum

534 2455 748 2541 geminatione
777 2453 1007 2537 distrahuntur,
1042 2474 1126 2539 puae
1155 2453 1320 2541 aptissime
1349 2445 1549 2539 cohaereant,

534 2571 710 2653 eademque
742 2570 814 2654 lege
848 2569 928 2635 haeo
959 2588 1089 2636 ausuum
1118 2569 1291 2655 geminatio
1322 2571 1472 2637 obstricta
1499 2577 1549 2638 est

533 2693 629 2769 atque
657 2686 759 2770 figura
788 2682 872 2749 καθ’
888 2684 966 2750 ὅλον
991 2682 1148 2750 καὶκατὰ
1171 2688 1276 2769 μέρος.
1314 2685 1397 2751 Nam
1420 2686 1547 2754 dativus

533 2800 737 2888 pronominis,
758 2800 812 2883 qui
828 2800 862 2866 id
877 2800 1111 2884 quodammodo
1126 2802 1273 2885 eontinet,
1288 2801 1374 2884 quod
1389 2801 1430 2867 ad
1446 2809 1545 2868 totum

533 2923 669 3002 spectat,
697 2917 888 3001 praeoedere
914 2916 1004 2983 solet.
1043 2917 1085 2981 Et
1107 2915 1161 3000 qui
1184 2935 1294 2982 versus
1317 2936 1379 2982 non
1403 2917 1547 3001 oongruit

533 3051 603 3100 uum
627 3032 687 3098 hae
709 3032 794 3116 lege,
822 3031 908 3098 0.ss
928 3032 982 3098 50.
1013 3035 1164 3118 Mondou
1186 3055 1253 3117 μοι
1274 3033 1448 3118 μνηστῆρες
1471 3031 1546 3097 έπέ-

532 3169 635 3230 χραον
662 3144 721 3212 οὐκ
750 3146 927 3237 ἐθελούσῃ,
957 3148 992 3214 in
1021 3168 1060 3214 eo
1083 3147 1211 3214 Scholia
1237 3154 1393 3214 testantur
1421 3146 1462 3214 de
1485 3147 1546 3215 hae

440 3286 449 3296 ·
532 3263 681 3329 lectione:
704 3265 815 3348 Μιμρλ
829 3255 860 3327 τ’
875 3262 943 3354 έμῇ,
960 3282 1055 3346 quam
1071 3283 1111 3329 ne
1127 3283 1234 3329 veram
1250 3263 1425 3329 iudioemus
1441 3283 1544 3346 neque

532 3378 678 3462 prohihet
700 3361 876 3445 ooniunotio
898 3381 933 3442 σέ
959 3398 1109 3463 peream
1134 3378 1233 3444 inlata
1262 3375 1429 3462 (convenit
1459 3379 1544 3445 enim

531 3493 577 3558 illi
605 3493 688 3576 looo,
717 3512 812 3575 quum
842 3494 902 3561 hou
929 3492 1115 3579 praecedat:
1150 3492 1168 3558 ὅ
1196 3516 1253 3579 μοι
1279 3490 1380 3558 κακὰν
1407 3492 1543 3578 ἔμπεσεν

531 3610 607 3694 οἴκῳ
623 3603 723 3672 Anasi·
745 3606 781 3674 τὸ
805 3614 865 3694 μὲν
886 3607 1021 3693 πατέρ’
1036 3606 1159 3675 ἐσθλὸν
1176 3606 1339 3686 α’πολλεσα,
1362 3607 1397 3684 ὅς
1412 3607 1542 3673 σοι’-

529 3726 601 3791 Νὕν
631 3722 663 3789 δ’
678 3722 722 3791 αὖ
748 3729 804 3789 καλ
831 3720 915 3790 πολύ
937 3723 1060 3809 μεῖζον,
1089 3724 1107 3789 δ
1131 3720 1170 3811 δὴ
1194 3725 1277 3807 οολχα
1300 3726 1389 3791 ολκον
1411 3723 1541 3789 ἅπαντα

530 3841 648 3922 Πάμχν
682 3838 876 3928 διαρραίσει,
914 3841 1024 3924 diosna
1059 3837 1093 3905 δ’
1123 3837 1189 3906 ἀπὸ
1222 3838 1362 3925 πάμπαν
1398 3834 1540 3922 ὀλέσσει)

529 3975 632 4038 neque
666 3955 820 4024 dubitatio
854 3976 895 4023 ex
923 3955 1041 4023 oritiois
1069 3956 1242 4024 rationibus
1269 3955 1370 4041 petita
1398 3955 1539 4041 impedit,

529 4089 625 4153 quum
653 4078 787 4153 oonstet,
818 4090 913 4154 quam
942 4091 1041 4157 saepe
1069 4071 1195 4139 dativus
1217 4071 1411 4157 pronominis
1433 4092 1539 4157 perso-

529 4185 611 4253 nalis
640 4187 833 4276 pronominis
856 4188 1031 4280 possessivi
1053 4188 1154 4259 locum
1177 4188 1379 4280 oooupaverit
1399 4188 1433 4261 iu
1455 4187 1538 4259 oudi-
