4117 5234
1007 680 1051 745 30

950 767 1111 780 ——n-

554 937 586 1003 8.
613 940 669 1006 De
686 946 853 1031 particulis
874 949 1009 1014 τέ-τέ
1029 948 1093 1023 sive
1115 948 1351 1016 tt-nai-sibi
1371 974 1501 1039 respon·

739 1146 741 1150 ,
956 1064 1104 1127 dentibus.
1444 1149 1446 1151 .

587 1198 767 1269 PartiouIae
804 1207 840 1269 τέ
873 1191 1036 1271 oolloootio
1070 1222 1168 1287 saepe
1201 1202 1235 1269 in
1269 1204 1356 1271 omni
1391 1224 1538 1273 sermone

469 1301 473 1307 ’
520 1310 646 1381 Graeco
673 1318 718 1383 ab
743 1327 890 1387 eoonrato
924 1317 1052 1385 dioendi
1084 1338 1202 1402 genere
1234 1318 1364 1385 rooedit.
1413 1322 1539 1388 Pervnl·

520 1429 691 1510 gatissima
719 1454 759 1500 ea
786 1441 837 1501 ost
863 1433 1078 1500 collocationis
1105 1434 1249 1517 libertas,
1279 1454 1343 1517 qna
1370 1434 1400 1501 si
1425 1436 1539 1503 eedem

521 1547 719 1631 praepositio
746 1549 883 1635 pertinet
910 1550 953 1616 ad
981 1550 1044 1615 duo
1066 1549 1196 1616 nomina
1217 1549 1364 1634 oopnlate
1386 1571 1445 1635 per
1470 1572 1541 1635 par·

522 1660 638 1729 tiooles
666 1668 771 1728 τέ-
801 1670 856 1729 καί
884 1665 1082 1749 coniunctas,
1117 1664 1151 1729 id
1185 1664 1270 1747 qnod
1304 1666 1417 1732 iterata
1450 1687 1540 1751 pree

522 1777 683 1860 positione
716 1779 892 1863 legitimum
926 1786 976 1846 est
1009 1775 1068 1863 (οί.
1102 1780 1143 1845 ἄν
1175 1803 1210 1843 τε
1242 1777 1352 1865 μάχην
1368 1826 1370 1829 -
1384 1786 1439 1845 καί
1472 1779 1540 1847 ovo

524 1890 642 1957 κλόνον
665 1891 830 1977 ἐγχειάων,
859 1888 902 1969 ιός
924 1892 989 1977 ἔρις
1011 1893 1047 1958 ἔκ
1069 1918 1103 1959 τε
1117 1896 1217 1987 ,θέων
1238 1892 1272 1958 ἔκ
1295 1892 1327 1959 τ’
1347 1888 1540 1980 ἀνθρώπων

526 2003 680 2105 ἀπόλοιτο
702 2010 732 2077 J.
746 2009 855 2076 XVIII
877 2005 976 2093 107),
1004 2009 1241 2094 praepositione
1268 2030 1332 2075 non
1355 1997 1468 2078 itereta
1489 2012 1539 2078 fit:

526 2129 561 2189 nt
582 2125 739 2208 partiente
759 2127 794 2190 τέ
816 2124 913 2210 pri0ri
935 2124 1057 2189 nomini
1078 2124 1235 2192 aooedens
1251 2124 1437 2192 snbiioiatur
1450 2148 1541 2211 pree

526 2240 685 2325 positioni,
697 2242 915 2326 praemittatur
929 2239 1049 2306 nomini
1065 2237 1118 2324 (of.
1130 2241 1159 2307 J.
1169 2241 1185 2304 Ι
1197 2241 1271 2305 329.
1287 2242 1377 2325 παρά
1391 2263 1426 2304 τε
1437 2242 1540 2330 κλισίη

528 2361 582 2421 καὶ
596 2360 662 2440 ’νηῒ
678 2355 821 2445 μελαίνη.
855 2355 892 2422 Ο.
907 2355 955 2419 XI
971 2357 1023 2421 67.
1047 2355 1126 2440 πρός
1145 2352 1178 2420 τ’
1193 2353 1314 2438 ἀλόχου
1331 2360 1385 2421 καὶ
1404 2352 1540 2439 πατρός)

529 2467 578 2553 (Si
593 2469 765 2555 respondet
779 2472 998 2554 particulaett
1013 2471 1110 2556 priori
1126 2470 1246 2537 nomini
1260 2469 1388 2536 additae
1400 2490 1463 2539 non
1477 2474 1540 2546 καί,

528 2585 586 2652 sed
609 2589 643 2649 τέ
665 2586 786 2668 iterata,
809 2583 896 2669 epod
911 2584 1083 2650 Homerum
1104 2605 1167 2650 non
1181 2585 1306 2651 videtur
1320 2584 1432 2651 eadem
1448 2585 1541 2652 oollo

529 2700 663 2765 cationis
678 2701 807 2767 libertas
823 2720 883 2766 usu
898 2699 1017 2783 venire,
1027 2719 1122 2781 quam
1138 2700 1312 2785 posterIore
1327 2707 1432 2766 aetate
1440 2700 1539 2765 etiam

488 2846 492 2853 ·
528 2821 595 2880 tum
619 2821 800 2898 sequnntur.
835 2813 1242 2881 of.Pind.Isthm.V1157.
1266 2811 1358 2897 παρά
1380 2838 1413 2878 τι
1431 2809 1540 2897 τττρᾶν

529 2930 635 3017 τάφον
657 2954 700 2995 τε.
733 2929 847 2997 Aesoh.
865 2930 997 2996 Eumen.
1013 2930 1088 2995 951.
1112 2928 1201 3011 παρά
1222 2924 1251 2991 τ’
1267 2921 1451 3004 ἀθανάτοις
1471 2939 1541 3003 τοῖς

529 3038 571 3108 θ’
586 3041 648 3111 ὑπὸ
672 3040 793 3128 γαῖαν.)
839 3043 980 3119 Βοοίοιε,
998 3042 1080 3109 haec
1102 3049 1175 3109 sunt
1196 3063 1264 3108 non⁴
1282 3042 1428 3110 dioersae
1450 3044 1540 3109 liber·

431 3153 432 3156 ¹
530 3160 605 3225 tatin
634 3160 795 3244 exempla:
823 3159 908 3225 J.VI
929 3160 1004 3224 317.
1033 3157 1177 3237 έγγόθι
1198 3181 1237 3221 τε
1259 3160 1462 3241 Πριάμοιο
1486 3163 1541 3224 καὶ

522 3272 678 3358 Ἕκτορος.
716 3275 732 3339 Ι
754 3275 829 3339 417.
858 3274 928 3339 Νῦν
951 3270 986 3338 δ’
1006 3270 1077 3357 ἅμα
1099 3270 1130 3335 τ’
1151 3270 1316 3358 οίκομόρος
1337 3279 1392 3337 καὶ
1414 3270 1539 3357 triente

531 3394 604 3475 περὶ
632 3386 764 3455 πάντων
782 3389 907 3456 Ἕπίεο.
952 3388 1044 3453 XVII
1067 3389 1143 3454 316.
1171 3388 1333 3472 Χιόρησαν
1361 3385 1395 3452 δ’
1414 3384 1480 3453 ὑπό
1507 3412 1541 3453 τε

530 3501 695 3589 πρόμαχοι
717 3509 770 3569 καὶ
793 3503 947 3590 φαίδιμος
961 3502 1089 3587 Ἕκτωρ.
1121 3503 1243 3568 11136.
1266 3500 1302 3567 αἱ
1325 3503 1362 3566 δέ
1381 3526 1444 3568 τιον
1460 3497 1539 3586 ἧμέ·

531 3622 621 3704 τεραί
640 3616 672 3685 τ’
688 3619 800 3701 ἄλοχοι
815 3625 868 3684 καὶ
883 3614 984 3703 νήπια
998 3622 1104 3682 τέκνα.
1141 3616 1178 3682 Ο.
1189 3618 1232 3682 VI
1251 3619 1323 3682 191.
1347 3618 1416 3682 ἐπεὶ
1430 3612 1541 3700 ἡμιτέ-

532 3758 591 3821 ρην
603 3759 636 3799 τε
651 3734 747 3800 πόλιν
761 3740 815 3798 καὶ
828 3745 928 3815 γαῖαν
938 3731 1069 3807 ἱκάνεις.
1102 3733 1131 3799 J.
1143 3731 1250 3797 XXIV
1260 3733 1315 3797 36.
1324 3725 1376 3795 Ἧι
1390 3728 1418 3793 τ’
1430 3727 1540 3816 α’ίόχῳ

534 3851 630 3915 ίόέειν
645 3856 699 3914 καὶ
721 3854 831 3935 μητέρι
853 3854 906 3913 καὶ
927 3851 1009 3912 τέκεϊ
1023 3842 1059 3934 φ’.
1093 3847 1205 3937 XXIII
1222 3846 1294 3912 146·
1317 3848 1375 3909 Σοί
1390 3842 1542 3929 τεκόμην

533 3969 651 4047 κερέειν
675 3962 778 4047 ῥέξειν
801 3961 842 4027 θ’
863 3959 949 4048 ἳερὴν
978 3960 1166 4046 ἑκατόμβην.
1212 3958 1249 4025 Ο.
1270 3959 1365 4022 XXII
1386 3958 1460 4023 324.
1483 3962 1541 4023 Σοὶ

534 4078 569 4144 δ’
589 4079 709 4159 ἄλοχόν
732 4103 765 4142 τε
793 4078 892 4164 φίλην
916 4076 1125 4162 („coniugem
1148 4068 1294 4156 moam“)
1324 4076 1467 4137 σπέσθαι
1488 4078 1542 4137 καὶ

535 4197 630 4263 τέκνα
659 4196 821 4259 τεκέσθαι.
860 4192 899 4259 of.
919 4191 1050 4259 Hesiod.
1071 4191 1121 4257 So.
1142 4189 1235 4256 Hero.
1256 4189 1331 4255 329.
1361 4188 1486 4253 Κύκνον
1512 4184 1541 4252 τ’
