4117 5234
947 664 1106 759 -ap-

521 841 613 931 κινῆν
636 846 710 928 πέρι
723 837 924 928 μητιάασκον
937 839 1069 924 βουλήν.
1099 838 1195 905 1357.
1217 838 1331 923 νοῆσαι
1344 838 1439 921 τῆσδε
1453 842 1536 903 cco-

522 965 661 1048 προνοίης
689 960 768 1045 ἰ’σχα
793 960 876 1042 πέρι.
910 956 949 1021 cf.
969 954 1099 1021 Aristot
1118 955 1206 1020 Poct.
1226 974 1253 1019 c.
1274 954 1317 1019 22
1340 954 1391 1021 ed.
1412 955 1536 1021 Harles.
1662 984 1664 988 ¹

522 1076 592 1161 „aas
623 1074 661 1139 δὲ
685 1070 902 1159 Ἄρειφράδρς
929 1067 1003 1146 τούς
1030 1065 1217 1157 τραγῳδοιὶς
1244 1068 1407 1157 ἐκωμῴδει
1435 1069 1485 1136 ὅτι
1512 1068 1537 1134 ἅ

522 1187 629 1266 οὐδεὶς
652 1190 695 1254 ἄν
716 1189 803 1251 εἴποι
824 1186 861 1251 ἐν
882 1186 920 1277 τῇ
943 1183 1116 1272 διαλέκτῳ,
1138 1184 1264 1261 τούτοις
1286 1187 1439 1269 χρῶνταν
1466 1184 1537 1251 οἷον

523 1303 559 1371 τὸ
583 1303 784 1391 ηῃδωμάτων
798 1296 912 1367 &now
928 1297 1015 1364 atta
1038 1298 1082 1385 μὴ
1104 1298 1172 1366 ἀπὸ
1195 1301 1411 1384 δωμάτων-
1426 1305 1480 1364 καὶ
1501 1297 1538 1365 τὸ

523 1418 732 1507 „gaiperii-im
747 1412 867 1499 ιτέριιίιι
883 1411 970 1503 aliid
993 1413 1037 1501 μὴ
1053 1422 1126 1500 περὶ
1141 1410 1345 1499 Ἀχιλλέας“)
1373 1417 1417 1481 Ut
1431 1421 1538 1482 autem

522 1535 610 1619 apud
636 1533 821 1619 posterioris
844 1532 958 1598 aetatis
981 1537 1108 1617 politas,
1138 1532 1184 1598 sic
1207 1532 1240 1597 in
1262 1532 1454 1599 carminibus
1476 1532 1539 1598 Ho-

523 1650 648 1716 mericis
680 1647 841 1715 rarissime
871 1646 920 1730 fit,
947 1652 983 1712 ut
1011 1647 1040 1712 si
1067 1647 1246 1713 nominibus
1268 1647 1380 1713 addita
1402 1648 1467 1714 sint
1487 1649 1539 1714 vel

522 1764 682 1831 adiectiva
696 1764 747 1829 vel
762 1761 903 1847 genetivi
917 1757 1146 1845 (genetivornm
1163 1761 1342 1829 additarum
1358 1764 1537 1831 nominibus

523 1900 595 1947 cum
619 1875 906 1965 praepositionibus
930 1876 1104 1943 coniunctis
1125 1879 1261 1944 candem
1275 1878 1339 1944 vim
1355 1900 1427 1946 esse
1442 1886 1538 1962 atque

522 1993 750 2063 adiectivoram
774 1991 948 2059 docuerunt
969 1991 1154 2060 Gerhardus
1175 1993 1276 2060 Lectt.
1296 1994 1398 2079 Apoll.
1421 2016 1453 2080 p.
1474 1996 1537 2061 133
1597 1972 1602 1977 ”

523 2118 555 2179 et
569 2109 780 2177 Hoffmannus
796 2108 933 2175 amesa
948 2129 980 2194 p.
990 2104 1026 2192 5>
1042 2110 1093 2175 vel
1115 2109 1311 2194 pronomina,
1332 2130 1428 2177 verae
1448 2131 1539 2197 prae-

521 2217 697 2313 positioncs
727 2230 760 2292 ct
788 2230 861 2309 post
887 2223 1016 2291 nomina
1040 2231 1072 2292 ct
1094 2231 1167 2310 post
1189 2224 1408 2292 additamenta
1430 2246 1538 2293 eoram

523 2348 689 2436 ponantur.
714 2338 924 2424 (ci.Krueger
945 2340 999 2406 Di.
1014 2341 1034 2419 ξ
1051 2342 1103 2426 68,
1118 2342 1149 2424 4,
1166 2338 1200 2424 3)
1245 2342 1326 2407 Sunt
1347 2362 1422 2408 vero
1444 2341 1538 2409 huius

526 2454 740 2524 collocationis
764 2455 912 2540 exempla
926 2455 1096 2523 Homerica
1110 2456 1205 2524 haec:
1227 2456 1383 2524 J.V332.
1407 2450 1539 2542 α’νδρῶν

525 2568 671 2659 πόλεμον
693 2571 785 2636 κάτα.
819 2569 967 2636 &1247
986 2595 1025 2625 =
1043 2571 1104 2635 XV
1118 2571 1185 2643 510
1208 2578 1267 2638 ccl.
1290 2567 1434 2657 κραναὴν
1446 2568 1538 2635 Ἰθά-

524 2688 699 2772 κηνκάτα.
731 2686 827 2752 XXII
852 2686 925 2751 180.
947 2684 1118 2769 θαλάμοιο
1140 2681 1244 2769 μυχὸν
1267 2687 1358 2751 κάτα.
1386 2687 1415 2753 J.
1430 2685 1538 2752 XVIII

417 2838 420 2843 ·
525 2803 602 2868 420.
627 2798 808 2868 ἀθανάτων
832 2801 869 2866 δὲ
885 2802 976 2866 θεῶν
991 2800 1065 2867 ἄπο.
1098 2801 1174 2867 509.
1196 2796 1255 2885 τὴν
1270 2798 1302 2865 δ’
1317 2799 1426 2886 ἑτέρην
1442 2798 1539 2865 πόλιν

526 2916 622 3005 ἀμφί.
657 2916 837 2983 0.V1266.
860 2913 961 2982 καλὸν
979 2916 1156 3001 Ποσιδήϊον
1171 2912 1283 3000 ἀμφίς·
1315 2915 1345 2982 J.
1356 2916 1451 2980 XXII
1465 2916 1538 2981 165.

526 3032 691 3119 Πριάμοιο
721 3027 819 3096 πόλιν
846 3035 927 3116 πέρι.
970 3029 1007 3096 Ο.
1026 3029 1059 3094 Χ
1074 3030 1105 3095 3.
1132 3030 1242 3094 πᾶσαν
1265 3030 1302 3095 δέ
1323 3035 1358 3095 τέ
1379 3053 1435 3114 μιν
1456 3034 1537 3116 τνέρι.

526 3150 542 3213 Ι
558 3149 634 3214 218.
649 3141 831 3211 κτεάτεσσιν
847 3144 911 3222 ἕοτς
932 3142 995 3209 ἔστι.
1027 3144 1170 3230 Apparet
1192 3146 1355 3232 primum
1378 3146 1410 3211 in
1429 3147 1539 3212 carmi-

527 3263 620 3330 nibus
649 3260 825 3326 Homericis
853 3260 935 3326 hanc
965 3260 1201 3327 collocationem
1229 3261 1292 3327 nisi
1319 3261 1352 3325 in
1378 3261 1540 3347 praeposi-

527 3378 666 3445 tionibus
689 3376 854 3461 bisyllahis
871 3397 934 3441 non
954 3369 1088 3441 admitti.
1117 3376 1183 3442 Nec
1196 3375 1342 3442 videntur
1357 3375 1540 3461 posterioris

528 3494 643 3561 aetatis
672 3498 786 3578 politae
813 3492 854 3557 ab
881 3490 942 3557 hac
964 3492 1184 3558 observatione
1205 3492 1387 3558 recessisse.
1426 3490 1539 3569 Quam·

530 3629 626 3692 quam
649 3606 735 3693 apud
758 3605 959 3692 Apollonium
982 3606 1042 3672 Rh.
1064 3608 1095 3671 Π
1112 3607 1186 3671 381.
1210 3606 1269 3672 hoc
1291 3608 1422 3691 legitur:
1453 3614 1540 3671 Δοο-
1603 3642 1607 3647 -

531 3729 655 3809 ρατέοις
667 3711 862 3808 πύργοισιν]
879 3720 914 3786 ἐν
937 3723 1022 3786 οἰκία
1043 3718 1259 3807 τεκτήναντες.
1289 3722 1354 3788 Sed
1377 3722 1405 3788 is
1420 3742 1539 3806 versus,

530 3840 585 3923 qui
607 3859 648 3905 ne
671 3844 736 3905 tum
760 3836 888 3921 quidem
912 3837 939 3903 si
962 3837 1119 3921 legeretur
1139 3834 1201 3913 ἔνι,
1221 3838 1396 3903 offensione
1410 3843 1539 3920 careret,

393 3999 396 4005 Δ
531 3950 678 4039 (restaret
706 3953 790 4020 enim
818 3951 951 4019 offensio
980 3952 1013 4017 in
1036 3972 1168 4019 caesura
1190 3951 1455 4046 praepositionem
1478 3952 1540 4019 dis·

531 4069 681 4153 iungente
716 4090 737 4134 a
772 4065 988 4151 substantivo)
1024 4067 1150 4153 spurius
1183 4065 1348 4133 habendus
1383 4074 1445 4151 est,
1477 4088 1540 4133 non

532 4183 636 4250 minus
666 4203 760 4266 qnam
789 4182 833 4268 ei,
868 4183 921 4266 qui
953 4184 1097 4269 proximo
1125 4187 1307 4264 sequuntur.
1352 4180 1541 4266 (Merkalius
