4117 5234
1014 675 1035 738 9

442 914 444 918 .
469 811 471 815 -
522 851 745 954 Πάρφασις.
773 850 904 918 O.XIII
920 852 972 918 86.
995 848 1075 940 ούδό
1097 874 1152 917 κεν
1166 853 1253 937 ἴρηξ
1268 853 1407 937 Κλρκος
1426 846 1531 936 daco·

444 983 448 994 “
522 969 663 1057 τησειεν..
688 970 717 1035 J.
735 969 795 1034 VII
814 969 867 1034 59.
897 967 1084 1050 ὄρνισιν
1112 966 1248 1043 ἐοικότες
1275 968 1557 1046 αλγνπιοτσιν.

523 1086 583 1152 XV
598 1085 672 1151 394.
700 1076 881 1170 ,φάρμακ’
904 1076 1093 1167 α’κόσματ’
1114 1080 1244 1147 ἔπασσε.
1276 1083 1369 1148 XVII
1383 1084 1436 1147 21.
1459 1082 1533 1149 οὔτε

516 1197 613 1279 ισοός
635 1199 789 1284 κάπρου
817 1195 1037 1285 όλοόφρονος)
1060 1198 1094 1264 id
1116 1219 1245 1281 nomen,
1272 1217 1334 1281 quo
1356 1218 1457 1282 genus
1481 1198 1534 1266 de·
1653 1239 1655 1242 v

522 1315 657 1398 finiatur,
679 1315 770 1381 altori
792 1315 984 1399 praecedere
1007 1314 1124 1381 debere
1144 1321 1181 1380 et·
1195 1314 1304 1380 Ameis
1320 1313 1357 1380 0.
1369 1314 1432 1380 l.d.
1447 1320 1546 1382 recte-

523 1431 634 1498 statuit
661 1436 692 1496 et
714 1429 818 1495 Schol.
833 1430 911 1496 Ven.
940 1430 1100 1495 intellexit¹
1120 1429 1162 1495 ad
1184 1429 1214 1495 J.
1229 1429 1322 1494 XVII
1337 1430 1412 1495 389.
1435 1424 1478 1504 ὦς
1501 1426 1533 1494 d’

523 1543 572 1618 ὅτ’
600 1542 681 1632 οἷνλγρ
709 1542 841 1630 ταύροιο
869 1541 945 1627 βοός
978 1544 1132 1629 μεγάλοιο
1152 1521 1269 1630 ’βοείην
1296 1548 1437 1609 Λαοΐσιν
1464 1540 1534 1634 δοίη

521 1656 654 1738 Ιτοινύειν
676 1660 756 1727 haec
777 1666 948 1727 annotans:
972 1658 1069 1737 „ider
1089 1657 1166 1743 βοὸς
1188 1660 1319 1743 ταύροιο
1342 1655 1535 1743 προτάσσειν

450 1813 453 1818 ·
523 1774 559 1843 τό
580 1774 707 1857 γενικόν
727 1776 784 1842 τοῦ
799 1776 954 1842 ελόικού.“
974 1776 1013 1842 cf.
1026 1775 1132 1853 Quint.
1144 1774 1321 1858 Inst.IX4‚
1334 1775 1387 1840 24.
1415 1772 1535 1859 „Quae-

524 1893 598 1959 dam
620 1892 732 1959 ordine
754 1898 930 1977 permutato
952 1892 1031 1957 fiunt
1054 1911 1265 1976 supervacua,
1291 1897 1326 1956 nt
1347 1890 1461 1957 fratres
1482 1911 1536 1975 ge

524 2009 616 2075 mini:
643 2029 716 2075 nam
739 2008 768 2074 si
791 2007 1023 2092 praecesserint
1044 2005 1172 2091 gemini,
1195 2006 1308 2074 fratres
1330 2005 1449 2075 addere
1471 2026 1535 2072 non

525 2131 574 2192 est
595 2118 754 2192 necesse.“
785 2124 850 2191 Sed
864 2123 1137 2208 Naegelsbachius
1158 2122 1178 2188 l.
1195 2122 1226 2204 d.
1248 2129 1283 2189 ut
1303 2124 1423 2207 probet,
1446 2142 1536 2208 prae·

525 2240 637 2308 cedere
666 2259 901 2322 nonnumquam
929 2239 1016 2324 apud
1038 2239 1211 2304 Homerum
1236 2237 1270 2302 id
1293 2237 1378 2319 quod
1401 2237 1444 2303 ad
1466 2250 1536 2322 spe

521 2356 606 2428 ‘ciem
622 2362 751 2439 spectet
766 2355 846 2420 haec
861 2355 980 2441 profert
995 2353 1158 2437 exempla:
1173 2352 1203 2418 J.
1212 2352 1303 2418 XVII
1313 2354 1388 2419 389.
1404 2353 1535 2437 ταύροιο

524 2467 601 2555 βοὸς
621 2469 774 2553 μεγάλοιο
791 2472 910 2555 βοείην.
931 2469 1047 2535 11580.
1071 2468 1222 2533 Μύδωνα
1235 2464 1314 2549 βάλ’
1326 2463 1458 2553 ἧνόοχον
1473 2472 1536 2535 ds*-

527 2585 684 2668 calaorra.
720 2583 757 2650 Ο.
777 2585 854 2649 XVI
874 2584 949 2649 305.
978 2587 1035 2647 καλ
1061 2586 1097 2647 κέ
1121 2606 1175 2647 τεο
1198 2579 1317 2667 δμοόων
1339 2579 1469 2668 ἀνδρῶν
1490 2582 1537 2659 ἔτι

528 2704 747 2785 πειρηθεῖμεν.
774 2700 839 2765 XX
852 2700 925 2765 194.
947 2694 969 2784 η’
989 2722 1024 2763 τε
1047 2695 1131 2762 ἔοικε
1151 2698 1251 2784 δέμας
1265 2699 1396 2785 βασιλῆϊ
1410 2696 1536 2766 ἄνακτι.

526 2817 564 2882 In
591 2815 705 2898 quibus
733 2814 811 2881 illud
837 2812 970 2898 ταύροιο
997 2812 1076 2897 βοὸς
1102 2812 1256 2899 μεγάλοιο
1282 2823 1451 2901 propterea
1472 2836 1536 2883 non

527 2931 713 2999 adversatur
740 2930 874 2998 Ameisii
902 2930 1093 3013 sententiae,
1122 2930 1207 3013 quod
1236 2930 1277 2997 ad
1306 2932 1536 2999 substantivum

527 3038 606 3130 βοός
627 3046 771 3112 additum
795 3052 844 3112 est
865 3045 1071 3112 adiectivum:
1094 3065 1156 3128 quo
1178 3046 1228 3129 fit,
1255 3053 1289 3112 ut
1310 3044 1389 3130 βοός
1411 3048 1537 3133 apposi-

528 3162 624 3229 tionis
646 3180 775 3227 munere
797 3160 954 3245 sung-atur.
1000 3161 1125 3229 Deinde
1148 3162 1181 3226 in
1204 3182 1256 3245 eo,
1283 3162 1368 3245 quod
1390 3169 1467 3230 estc
1482 3165 1538 3228 acl

528 3281 564 3342 κέ
586 3299 639 3342 τεο
663 3274 785 3360 όμοόοιν
804 3272 936 3362 ἀνδρῶν
958 3273 1003 3341 ἔτι
1024 3280 1243 3363 πειρηθεῖμεν,
1266 3278 1294 3344 si
1317 3278 1398 3345 inter
1420 3278 1538 3364 όμιόιον

529 3401 561 3461 et
584 3390 715 3475 ἀνδρῶν
736 3412 777 3458 ea
797 3392 879 3458 ratio
901 3392 1076 3476 intercedit,
1099 3413 1181 3476 quae
1203 3394 1285 3460 inter
1304 3414 1405 3478 genus
1421 3401 1452 3461 et
1468 3415 1538 3480 spe·

530 3510 626 3593 ciem,
652 3508 805 3575 vocabulo
834 3504 962 3593 ἇνόρῶν
990 3508 1115 3593 specics
1143 3508 1304 3575 delinitur:
1339 3516 1538 3595 opponuntur

506 3625 612 3709 enim
636 3618 690 3690 illo
713 3624 782 3690 loco
804 3624 903 3707 servi,
931 3624 985 3707 qui
1007 3623 1068 3689 viri
1090 3630 1176 3707 sunt,
1204 3624 1337 3691 ancillis,
1381 3606 1463 3691 Nam
1485 3625 1538 3693 hic

389 3792 393 3798 .
528 3760 639 3808 versus
661 3739 824 3824 praecedit
844 3740 919 3805 304.
943 3736 1020 3804 ἄλλ’
1033 3740 1096 3804 οἶοι
1113 3735 1154 3803 σύ
1170 3736 1202 3803 τ’
1215 3737 1279 3820 ἐγώ
1292 3764 1326 3805 τε
1340 3742 1538 3820 γυναικῶν

528 3856 673 3940 γνώομεν
695 3852 784 3921 ἰθύν.
813 3855 933 3921 Maiore
948 3854 1044 3938 igitur
1058 3874 1130 3920 cum
1145 3856 1252 3941 specie
1267 3835 1537 3940 Naegelsbachins

528 3971 609 4039 haec
630 3971 802 4038 attulisset:
824 3970 853 4037 J.
869 3971 913 4035 IV
929 3969 1003 4037 275.
1027 3970 1162 4047 αἰπόλος
1178 3968 1268 4056 ύνήρ.
1293 3973 1369 4038 485.
1393 3968 1538 4055 ἁρματο-

530 4083 630 4172 πηγός
656 4084 748 4172 α’νήρ.
779 4086 815 4152 Ο.
831 4086 878 4151 XI
896 4088 969 4153 186.
993 4078 1192 4153 δικασπόλον
1213 4088 1329 4173 ἄνδρα.
1358 4089 1387 4154 J.
1402 4087 1447 4153 IV
1464 4089 1537 4153 187.

530 4198 588 4287 την
615 4201 766 4288 χαλκῆερ
777 4202 880 4289 κάμον
907 4201 1035 4289 ἄνδρες.
1071 4202 1119 4268 XI
1135 4203 1211 4272 686.
1233 4202 1366 4269 Πολλιον
1387 4198 1538 4290 ἡγήτορες
