4117 5234
948 681 1110 781 „to-

524 857 718 942 Diocrcpant
740 858 825 925 enim
848 858 1112 926 aconsuttudinc
1125 858 1297 926 Homerica
1310 859 1344 925 hi
1359 860 1435 928 loci:
1449 831 1541 928 llari·

523 972 610 1059 pidia
633 972 721 1058 Cyol.
735 973 803 1041 460
817 994 884 1057 seq.
918 977 1156 1060 Νονπργίον
1171 972 1207 1039 δ’
1222 970 1315 1039 toas
1328 999 1376 1052 τις
1390 972 1540 1060 ἁρμόζων

524 1083 610 1172 όνῇρ
633 1087 772 1156 Διπλοτν
797 1089 945 1171 χαλινοτν
966 1088 1134 1173 τρύπανον
1155 1090 1344 1173 acceptator,
1363 1091 1455 1157 otro
1478 1098 1539 1159 cet.

525 1210 559 1272 et
568 1203 729 1271 Theocriti
743 1204 791 1270 Id.
802 1204 910 1272 XVIII
922 1205 975 1272 29.
1002 1208 1148 1290 Πισόρᾳ
1162 1194 1287 1287 parcito
1302 1200 1361 1271 ἅτ’
1375 1204 1542 1291 α’νόόρσιμε

525 1316 644 1403 κόσμος
666 1316 793 1406 α’ροόρᾳ
806 1322 851 1384 Ἢ
870 1319 962 1405 κόπῳ
984 1321 1178 1403 κυπάρισσος
1200 1322 1220 1406 ἢ
1241 1320 1360 1406 ἅρματι
1376 1320 1542 1397 Θεσσαλός

526 1440 634 1511 innoc,
643 1427 716 1499 Ὧδε
731 1441 790 1502 oct
810 1435 915 1519 Atque
930 1434 1044 1501 oadcm
1058 1455 1137 1501 usus
1149 1437 1327 1504 constantia
1341 1438 1382 1504 ab
1393 1437 1541 1521 Homero,

525 1570 548 1617 a
558 1550 648 1617 cuius
664 1551 810 1635 cxcmplo
825 1550 945 1618 recedit
960 1550 993 1616 in
1007 1550 1069 1617 hoc
1080 1550 1292 1619 Callimachco
1304 1552 1396 1619 lectio
1408 1552 1542 1619 traditaz

525 1665 559 1733 h.
579 1665 650 1733 Del.
674 1666 747 1733 141.
769 1662 821 1742 Ὡς
844 1663 876 1733 δ’
892 1659 988 1732 ὁπότ’
1002 1668 1162 1734 Αἰτναίου
1183 1663 1277 1750 όρσσς
1298 1673 1378 1753 πυρὶ
1398 1672 1542 1754 τυφομέ-

527 1802 598 1846 νσιο
626 1784 775 1848 §atavam
805 1777 894 1866 μομοὶ
924 1781 1034 1848 πάντα
1063 1818 1107 1828 -
1136 1782 1266 1868 Τῆμος
1294 1780 1398 1863 ἔγεντ’
1419 1783 1544 1867 ἄραβος

528 1894 643 1974 σοι’κιος
664 1898 778 1973 τόσος
800 1891 979 1976 εόκόκλσιο,
1003 1898 1038 1962 in
1059 1898 1163 1983 prima
1185 1899 1263 1965 sede
1286 1898 1438 1983 apodosis
1459 1920 1543 1965 com·

527 2013 728 2099 potationum
754 2013 896 2099 protasio
924 2014 1087 2096 sequentis
1116 2012 1364 2082 demonstrativa
1389 2016 1544 2083 vocabula

528 2150 569 2197 ea
589 2130 789 2214 collocantur,
812 2150 895 2214 quac
909 2129 1031 2215 protasi
1045 2129 1248 2214 respondent
1270 2130 1351 2197 oto.
1362 2131 1455 2196 XVII
1467 2132 1543 2197 263.

521 2241 575 2322 Ὡς
609 2243 645 2310 δ’
667 2244 717 2312 ὅτ’
738 2245 792 2312 tro
825 2247 980 2337 προχοῇσι
1008 2281 1053 2292 -
1080 2225 1246 2329 Βόβρνχσν
1273 2249 1356 2329 μέγα
1385 2246 1470 2330 κόμα
1498 2280 1544 2293 -

530 2361 634 2451 Τόσσῃ
658 2358 726 2447 ἄρα
749 2366 856 2449 Τρῶες
878 2363 950 2454 ἴαχῇ
972 2364 1058 2426 ἰ’σοιν.

533 2568 585 2635 13.
615 2568 684 2649 Quo
707 2567 799 2631 modo
822 2566 974 2631 οσοοόιιῖσ
997 2567 1236 2632 ότοιοκσίκσιίοο
1258 2568 1292 2631 ἑο
1313 2566 1467 2630 sententiis
1483 2587 1545 2652 per

670 2683 863 2771 particadam
885 2674 929 2757 οἷς
950 2682 1085 2747 inductio
1107 2682 1252 2746 collocari
1273 2681 1399 2746 soleant.

599 2824 636 2889 In
660 2824 707 2891 cis
731 2824 911 2908 sententiis,
939 2843 1072 2907 quarum
1094 2822 1228 2909 primam
1251 2820 1361 2887 sedem
1383 2826 1470 2886 tenet
1491 2820 1546 2886 ad·

532 2939 674 3007 vcrhium
703 2932 761 3016 οἷς,
794 2959 891 3022 quum
920 2940 953 3003 in
982 2938 1069 3018 aliis,
1104 2941 1169 3001 tum
1197 2935 1230 2999 in
1260 2935 1322 3019 cio,
1356 2955 1438 3018 quac
1471 2956 1546 3021 apo

533 3054 622 3122 dosis
657 3074 787 3120 munere
820 3052 1005 3135 funguntur,
1033 3057 1146 3117 >cetera
1172 3050 1327 3117 vocabula
1354 3050 1547 3117 demonstra

534 3170 615 3253 tiva,
644 3188 727 3251 quac
757 3172 903 3252 spectant
929 3167 972 3233 ad
995 3186 1051 3249 ca,
1084 3186 1167 3249 quae
1190 3166 1398 3250 praecedunt,
1428 3168 1468 3233 ab
1491 3166 1547 3232 ad·

534 3283 642 3352 verbio
676 3278 719 3357 ὤς
752 3302 815 3348 non
849 3282 951 3349 solent
986 3282 1111 3365 seiungi
1144 3281 1208 3347 nisi
1240 3281 1412 3365 particulic
1455 3281 1494 3349 of.
1516 3281 1547 3347 J.

535 3399 563 3466 V
588 3399 661 3465 163.
692 3389 736 3472 οἷς
769 3393 842 3473 τοὺς
873 3394 1085 3485 ἀμφοτέρους.
1134 3397 1209 3464 502.
1242 3391 1286 3472 τός
1318 3395 1388 3461 τότ’
1412 3394 1548 3479 Ἀχαιοί.

535 3515 617 3581 XIII
634 3513 686 3580 65.
711 3508 754 3589 οἷς
777 3510 844 3577 οἷπὸ
864 3515 938 3579 τῶν.
970 3514 1035 3579 ΧΙΙ
1052 3512 1125 3578 151.
1148 3507 1190 3587 ὥς
1211 3513 1276 3578 τῶν
1290 3511 1405 3598 κόμπει
1419 3510 1549 3593 χαλκός.

537 3632 613 3697 307.
637 3623 681 3707 οἷς
703 3627 746 3715 ῥα
768 3625 845 3693 τότ’.
875 3630 967 3695 XVII
984 3630 1058 3725 740.
1081 3624 1124 3704 οἷς
1145 3631 1205 3711 μὲν
1225 3638 1301 3705 τοϊς.
1333 3627 1439 3710 Aquo
1461 3646 1548 3692 more

538 3746 699 3831 discrepat
733 3745 868 3831 primum
902 3744 1046 3812 adverbii
1073 3743 1144 3809 τότε
1173 3743 1336 3810 collocatio
1365 3743 1398 3807 in
1425 3741 1548 3807 duobus

539 3862 683 3929 ciusdem
704 3860 776 3926 libri
798 3859 891 3926 locis:
919 3859 949 3925 J.
966 3859 1015 3924 XI
1033 3859 1109 3924 496.
1134 3852 1182 3936 τός
1204 3858 1304 3944 ἔφεπε
1326 3856 1468 3922 κλονέων
1490 3878 1549 3921 πι-

540 3978 612 4043 δόον
633 3972 721 4041 τότε
743 3975 898 4060 φαίδιμος
919 3978 1018 4051 Λῖσις.
1049 3974 1125 4041 556.
1148 3971 1202 4057 (cf.
1222 3973 1340 4057 Haupt,
1363 3972 1500 4038 Zuo'titze
1522 3994 1549 4039 z.

539 4092 741 4159 Lachmanns
756 4090 1010 4174 Betrachtungcn
1028 4090 1112 4155 1847
1135 4088 1254 4172 plot.
1277 4087 1342 4172 „So
1359 4088 1474 4171 glouba
1489 4086 1550 4171 ich,

542 4207 613 4275 dass
636 4207 680 4272 im
702 4206 799 4274 clften
818 4206 926 4273 Buchc
948 4206 1008 4272 das
1028 4203 1203 4272 (ileichniss
1218 4224 1290 4270 vom
1304 4203 1380 4270 Esel
1402 4201 1468 4269 558
1484 4222 1551 4285 seq.
