4117 5234
953 642 1113 737 gr·—

528 816 582 885 ἕπ’
597 814 695 896 αάτδς
717 814 814 906 αὑτῷ.
837 817 1001 884 Demosth.
1017 817 1098 881 XXI
1115 818 1188 883 139.
1210 823 1265 882 uoci
1281 815 1364 904 πρδς
1378 819 1425 885 ἔτι
1441 823 1544 907 ἕτεροι

529 932 663 1011 τούτοις.
697 932 948 1018 Callim.Epigr.
968 934 1013 999 54
1034 929 1118 1015 (55)
1142 934 1170 997 1.
1199 938 1273 997 ποτὶ
1300 938 1362 1021 γὰρ
1389 939 1450 1019 μία
1472 947 1543 1013 ταίς

528 1054 610 1135 τρισὶ
630 1053 758 1126 κείναις.
791 1047 872 1116 Sunt
887 1054 993 1114 tamen
1008 1048 1079 1131 looi,
1101 1047 1135 1114 in
1150 1048 1265 1130 quibus
1279 1049 1437 1117 Homerus
1454 1072 1543 1137 prae·

526 1164 701 1249 positiones
729 1163 899 1247 seiungens
927 1184 949 1229 a
976 1162 1104 1229 nomine
1131 1170 1284 1245 sequente
1310 1166 1471 1233 nonnullis
1499 1166 1542 1233 ri·

527 1279 640 1348 dentur
672 1279 769 1345 etiam
803 1284 969 1363 poetarum
1001 1277 1207 1363 plurimorum
1240 1279 1419 1350 libertatem
1447 1282 1553 1366 longe

528 1415 690 1480 superare,
712 1394 798 1460 velut
819 1392 870 1462 his
893 1392 988 1460 loois:
1011 1393 1041 1459 J.
1056 1393 1089 1457 Π
1104 1392 1180 1458 465.
1203 1389 1305 1475 αὐτὰρ
1327 1388 1391 1460 δπδ
1412 1393 1510 1476 χθιδν
1525 1390 1540 1483 ΙΙ

525 1510 733 1599 Σμερδαλίον
754 1503 901 1590 κονάβιζε
923 1506 1036 1573 ποδοῖν
1053 1503 1161 1573 αὐτῶν
1177 1530 1211 1570 τε
1232 1512 1287 1570 καὶ
1300 1513 1426 1575 ἵππων.
1448 1508 1542 1577 0.V1

528 1627 602 1700 167.
629 1622 797 1712 ἀνήλυθεν
824 1622 859 1687 ἐκ
883 1623 962 1708 δόρο
984 1625 1086 1708 γαίης.
1113 1617 1168 1706 (of.
1187 1623 1345 1707 Krueger‚
1369 1623 1421 1689 Di.
1445 1625 1541 1711 5'68,

524 1742 602 1826 5,.5.
625 1740 668 1809 ad
681 1738 842 1807 unctos.
865 1738 947 1823 „Fur
969 1736 1060 1805 diese
1074 1737 1181 1821 Stelle,
1204 1736 1258 1814 dio
1280 1758 1355 1803 man
1370 1738 1438 1804 sioh
1453 1739 1541 1807 nieht

524 1859 665 1941 begnttgt
692 1855 740 1921 als
763 1853 954 1921 vereinnelte
975 1854 1076 1919 Htrte
1104 1853 1364 1936 annuerkennen,
1393 1854 1482 1938 giebt
1503 1876 1540 1923 es

523 1971 714 2039 kttnstelnde
737 1963 1002 2054 Erklitrungen“)
1048 1967 1114 2035 Sed
1141 1967 1175 2032 in
1197 1968 1309 2043 Iliadis
1337 1970 1406 2035 loeo
1433 1990 1541 2053 quam·

524 2107 619 2171 quam
641 2085 825 2160 Hoffmnnni
848 2083 1033 2167 sententiae,
1060 2082 1115 2166 qui
1138 2084 1248 2150 statuit
1271 2084 1540 2170 praepositionem

523 2198 587 2269 ὑπό
615 2202 710 2269 tmesi
736 2200 928 2267 disiunotam
951 2219 1024 2266 esse
1046 2219 1067 2265 a
1089 2200 1185 2265 verbo
1208 2195 1329 2280 (Tmes.
1350 2199 1379 2263 i⁴⁴
1394 2199 1426 2265 d.
1445 2200 1476 2267 J.
1491 2202 1539 2267 111

524 2339 556 2402 p.
570 2315 625 2401 10)
649 2318 775 2383 obstare
797 2314 921 2382 videtur
943 2333 1038 2380 oasus
1061 2312 1207 2397 nominis,
1230 2333 1327 2396 quum
1343 2316 1439 2380 verbo
1453 2309 1539 2380 δπο-
1577 2391 1583 2401 Ι

523 2430 703 2515 κοναβίζειν
725 2429 829 2513 magis
851 2428 1019 2495 eonveniat
1041 2415 1166 2494 dativus
1191 2426 1243 2523 (of.
1265 2428 1294 2494 J.
1310 2428 1342 2493 Π
1358 2429 1432 2495 781.
1456 2433 1539 2493 Tuta

525 2545 559 2613 δ’
573 2540 801 2625 δποδτενάχιζε
817 2548 877 2609 Διῒ
895 2544 938 2619 τίς
959 2542 1194 2629 τερπικεραύνῳ
1217 2580 1261 2589 -
1284 2539 1378 2628 (784)
1395 2536 1448 2619 Ὦς
1470 2540 1539 2630 ἀρα

524 2661 589 2727 τῶν
611 2656 674 2726 ῧπδ
697 2664 793 2725 ποσσὶ
813 2662 895 2743 μένα
919 2658 1117 2741 στεναχίζετο
1137 2654 1230 2743 γαΐα)
1253 2666 1360 2725 tamen
1380 2658 1537 2744 Kruegeri

523 2775 708 2863 explicatio,
738 2754 793 2857 qui
815 2780 924 2840 oenset
952 2773 1030 2839 illud
1056 2768 1123 2841 ὑπό
1144 2779 1180 2838 ut
1200 2773 1469 2859 praepositionem
1492 2796 1538 2843 re

524 2892 688 2960 ferendum
712 2909 784 2957 esse
806 2887 850 2955 ad
871 2888 1054 2972 genetivum
1076 2888 1197 2965 ποδῶν,
1219 2909 1282 2954 non
1299 2896 1348 2956 est
1363 2890 1536 2976 probanda.

522 3008 634 3090 Neque
656 3006 740 3074 enim
763 3012 910 3091 apparet,
937 3004 1094 3086 quomodo
1116 3004 1344 3088 praepositioni
1366 3026 1387 3070 a
1408 3004 1537 3074 nomine

523 3122 701 3188 disiunotae
727 3120 760 3186 in
789 3141 829 3187 ea
855 3119 1013 3193 sententia
1041 3118 1163 3203 primus
1185 3125 1264 3203 post
1285 3118 1552 3187 ooniunotionem·
1617 3188 1625 3206 ,

522 3238 610 3303 loeus
632 3241 726 3332 aptus
741 3235 792 3319 sit,
814 3256 873 3301 neo
888 3233 1060 3302 verendum
1083 3240 1141 3317 est,
1163 3254 1204 3300 ne
1219 3233 1298 3300 illud
1311 3229 1377 3300 δπό
1392 3235 1535 3315 adverbii

522 3352 625 3417 looum
649 3357 765 3434 tenere,
787 3371 845 3435 per
868 3349 952 3433 quod
976 3355 1182 3435 praeparetur
1202 3349 1265 3415 looi
1287 3349 1428 3417 definitio
1445 3371 1535 3423 aeone

522 3465 633 3551 ratior,
657 3472 689 3533 et
711 3486 768 3552 per
789 3465 970 3549 genetivum
994 3465 1107 3530 ποδῶν
1128 3463 1206 3530 addi
1229 3465 1397 3531 terminum
1420 3488 1441 3541 a
1461 3486 1534 3553 aquo,

522 3602 616 3665 quem
638 3581 754 3666 disant,
778 3587 900 3648 statuas
917 3588 1024 3650 eontra
1041 3579 1196 3648 sermonis
1211 3580 1370 3647 Homerici
1386 3581 1534 3665 indolem,

521 3697 555 3762 in
571 3717 632 3779 quo
650 3704 758 3764 notum
774 3705 832 3782 est,
856 3718 951 3780 quam
966 3696 1145 3779 frequentia
1159 3695 1240 3762 haee
1255 3696 1332 3762 sint:
1356 3691 1441 3762 αὖθι
1455 3697 1534 3787 φίλη

520 3812 557 3877 ἐν
579 3813 712 3899 πατρίδι
732 3816 817 3905 γαίη,
840 3809 942 3878 oritoni
956 3848 1000 3859 -
1018 3809 1070 3876 Ἐν
1094 3807 1184 3876 οάκει
1201 3808 1409 3892 Ἀντιλόχοιο,
1432 3809 1534 3880 αάτοῦ

521 3921 574 3991 ἐπ’
592 3925 734 4014 ἀντιθέῳ
763 3927 962 4015 Σαρπηδόνι.
995 3927 1036 3993 of.
1056 3927 1085 3993 J.
1105 3928 1137 3991 H
1159 3927 1232 3992 150.
1262 3927 1375 3993 ποδῶν
1403 3924 1437 3990 δ’
1454 3922 1533 3993 ἀπί-

521 4046 621 4127 νερθε
643 4046 732 4127 κονίη
748 4040 862 4108 'Ionae'
879 4040 1057 4128 ἀειρομένη.
1090 4042 1126 4107 In
1142 4043 1361 4109 alternantem
1378 4042 1455 4127 loon,
1477 4043 1533 4126 qni

521 4163 586 4227 est:
608 4157 677 4227 ἐπεὶ
700 4157 739 4228 οὔ
762 4181 811 4229 πω
835 4169 923 4228 τοῖον
946 4155 1115 4250 ἀνήλυθεν
1136 4156 1170 4226 ἓν
1194 4157 1273 4245 δόρυ
1294 4158 1453 4249 ratpavin
1469 4177 1531 4247 quo
