4117 5234
1010 626 1057 688 dd

528 825 613 891 quae
638 807 727 871 sunt:
760 797 842 887 ἦνθε
862 799 914 868 vel
936 798 1042 877 dcccv,
1068 798 1272 883 inducuntur,
1299 794 1471 871 sententias
1494 803 1540 871 ita

529 918 716 988 concludere
744 918 837 1002 solet,
867 923 902 983 nt
928 934 1065 985 eversu
1092 914 1221 983 ineunte
1242 915 1382 1001 incipiat
1425 918 1540 1002 Aque

530 1054 617 1103 more
643 1033 724 1101 haec
750 1033 933 1118 discrepant
965 1052 1069 1118 pauca
1102 1032 1265 1117 exempla:
1298 1032 1328 1097 J.
1345 1031 1469 1098 V'502.
1495 1025 1540 1111 ὥς

527 1147 594 1216 τότ’
615 1142 741 1231 ’Λχοιιοὶ
756 1142 771 1236 ΙΙ
787 1152 910 1214 Ascani
923 1147 1050 1231 ὕπερθε
1070 1150 1212 1229 γένοντο.
1242 1146 1304 1214 XV
1319 1148 1395 1215 635.
1418 1140 1461 1222 οἷς
1473 1143 1539 1211 τότ’

523 1261 649 1347 Ἀχαιοὶ
667 1259 684 1351 ΙΙ
706 1266 888 1339 Θεσπεσίως
910 1262 1087 1348 ἐφόβηθεν.
1120 1264 1233 1329 XXIII
1256 1265 1330 1331 763.
1358 1260 1482 1346 ἀγχόθι
1506 1256 1540 1330 δ’

527 1384 609 1462 ἴσχει
624 1374 640 1466 ΙΙ
656 1376 820 1464 Stridens*
841 1370 885 1452 οἷς
909 1374 1062 1454 Ὀδυσεῦς
1081 1380 1163 1444 θέεν
1182 1377 1330 1459 ἐγγύθεν.
1370 1378 1539 1446 Ο.Χ412·.

526 1490 642 1562 ἁδινὸν
652 1491 839 1579 μυκώμεναι
850 1490 1073 1579 ἀμφιθέονσιν
1085 1487 1100 1579 ΙΙ
1111 1496 1277 1579 Μητέρας·
1294 1486 1338 1568 οἷς
1348 1486 1402 1577 ἔμ’
1414 1493 1539 1570 ἐκεῖνοι,

526 1611 597 1677 ἕπει
618 1610 692 1677 ἴσον
706 1644 751 1656 -·
765 1643 809 1655 -
830 1605 954 1690 ἔχοντο.
987 1610 1047 1676 VII
1072 1610 1145 1676 108.
1166 1608 1283 1676 Ὀσσον
1305 1610 1445 1693 Φαίηκες
1466 1611 1541 1693 περὶ

468 1797 471 1802 ,
525 1724 659 1794 πάντων
673 1724 773 1809 ἴδριες
795 1717 927 1810 α’νδρῶν
941 1725 1016 1811 Νῆα
1039 1720 1128 1810 θοὴν
1142 1724 1195 1790 ἐπὶ
1216 1722 1327 1812 πόντῳ
1349 1722 1538 1808 ἐλαυνέμεν·

526 1836 570 1921 ὦς
592 1842 629 1908 dd
651 1841 798 1923 γννοιτιιεςΙ
821 1834 835 1925 ΙΙ
852 1835 941 1928 Ἱστῷ
964 1840 1142 1924 τεχνῆσσαι.

592 1957 774 2025 Orationem
803 1962 922 2023 rectam
952 1957 1076 2023 constal
1103 1956 1170 2024 fere'
1198 1975 1325 2041 semper
1353 1955 1399 2022 ita
1427 1953 1539 2021 referri

525 2074 613 2161 apud
634 2073 815 2158 Homerum,
836 2078 873 2139 ut
885 2091 1012 2140 versum
1036 2061 1177 2157 incipiat
1211 2071 1323 2153 Neque
1339 2070 1440 2138 nescit
1455 2070 1539 2154 quis·

525 2210 634 2276 quom,
663 2195 858 2273 quantopere
884 2187 966 2254 haee
993 2189 1034 2254 ab
1060 2206 1121 2253 usu
1142 2185 1311 2252 Homerico
1333 2184 1538 2252 abhorreant:

525 2304 658 2372 Theoer.
673 2303 721 2370 Id.
736 2304 752 2368 1
769 2304 820 2369 ll.
838 2299 936 2370 'Hesi’
946 2299 1062 2386 Ἕρμος
1076 2297 1250 2387 πράτιοτος
1264 2295 1326 2365 ἀπ’
1340 2300 1453 2386 ὤρεος·
1467 2303 1539 2366 εἶπε

525 2420 577 2486 δέ·
599 2418 720 2505 Δάφνι,
737 2412 751 2503 ΙΙ
770 2422 826 2495 Τίς
840 2440 878 2483 το
894 2418 1093 2503 κατατρύχει.
1120 2417 1172 2483 95.
1190 2414 1293 2482 'Haec
1306 2440 1343 2498 ys
1355 2412 1424 2500 μοὶν
1437 2411 1539 2481 ἁδεῖα

525 2537 580 2598 καὶ
591 2530 741 2619 inducre
754 2532 908 2614 reicienda
919 2526 934 2619 {i
948 2535 1060 2598 Κεῖπε·
1075 2528 1115 2598 ον’
1125 2536 1193 2619 θην
1203 2538 1263 2599 cet.
1277 2531 1537 2599 Gallim.h.Dian.

525 2649 568 2717 29
584 2646 710 2715 similia.
733 2647 798 2716 Sed
814 2668 1005 2732 quamquam
1020 2648 1151 2715 Homeri
1168 2648 1347 2715 observatio
1361 2668 1401 2716 ea
1416 2654 1479 2731 est,
1501 2653 1537 2715 ut

523 2764 621 2833 etiam
630 2763 787 2831 inmediis
796 2763 1000 2847 orationibus,
1010 2764 1142 2847 siquem
1154 2763 1231 2830 facil
1242 2762 1448 2848 profitentem,
1458 2763 1536 2846 quid

523 2881 575 2948 vel
589 2878 632 2947 ad
650 2900 804 2964 quosnam
820 2861 965 2946 homines
980 2878 1121 2946 dicturus
1143 2878 1193 2963 sit,
1210 2880 1307 2946 verha
1321 2878 1393 2965 ipsa
1408 2898 1536 2944 versum

523 2995 678 3080 incipiant
705 2991 760 3080 (ef.
773 2995 805 3062 J.
818 2996 835 3060 Ι
850 2995 925 3061 233.
944 2986 1039 3061 Ἀλλ’
1053 2992 1087 3058 ἔκ
1109 3015 1159 3058 τοι
1180 2991 1258 3078 ἐρέω
1281 2998 1337 3059 καὶ
1358 2994 1411 3059 ἐπὶ
1432 2996 1536 3077 μέγαν

524 3109 623 3197 ὅρκον
644 3108 797 3195 ὀμοῦμαι·
816 3104 830 3196 il
852 3113 919 3175 Nat
936 3103 984 3192 μοὶ
1007 3107 1082 3173 τόδε
1105 3109 1263 3196 σκῆπτρον
1285 3116 1344 3176 cet.
1378 3110 1534 3177 vl1361.

523 3223 640 3312 Αὐτὰρ
655 3221 717 3307 irai
735 3222 878 3312 Τρώεσσι
891 3220 973 3308 μεθ’
987 3220 1184 3308 ἱπποδάμοις
1198 3222 1378 3310 α’νορεύσοι·
1396 3220 1411 3311 ΙΙ
1425 3221 1535 3291 Ἀντι-

523 3336 582 3427 τρι)
605 3334 641 3406 δ’
655 3338 816 3428 ἀπόφημι.
848 3338 1107 3407 Doederleinium
1127 3339 1161 3405 in
1184 3339 1322 3407 editione
1341 3339 1443 3406 svn
1458 3339 1533 3407 375.

522 3476 605 3542 nego
620 3456 783 3540 vulgarem
804 3454 1095 3541 interpretationem
1115 3460 1200 3522 reete
1213 3450 1404 3539 reliquisse),
1426 3461 1533 3522 tamen

523 3578 596 3639 sunt
618 3591 701 3655 quae
723 3573 764 3638 ab
786 3570 840 3637 illo
862 3590 922 3637 usn
945 3569 1096 3637 recedant
1116 3570 1168 3636 vel
1189 3570 1337 3637 recedere
1357 3565 1533 3637 rideantur.

521 3687 661 3755 Primum
684 3686 737 3755 hic
758 3686 869 3753 Iliadis
890 3686 992 3753 locun:
1015 3686 1061 3751 VI
1074 3685 1150 3751 479.
1172 3688 1235 3750 Καί
1256 3689 1335 3751 ποτέ
1350 3709 1397 3761 τις
1411 3688 1532 3775 εἴπῃσι·

522 3803 666 3889 »πατρός
686 3799 718 3884 γ’
735 3802 791 3867 ὅδε
813 3798 936 3868 πολλὸν
958 3796 1122 3884 α’μείνων“
1141 3798 1198 3865 Ἐν
1219 3802 1364 3885 πολέμου
1384 3794 1532 3867 α’νιόντα.

522 3915 588 3986 Sed
608 3918 703 3986 haias
724 3918 786 3986 loci
808 3916 942 3985 offensio
965 3937 1003 3983 eo
1022 3895 1165 4003 solvitur,
1188 3916 1272 4001 qu'od
1295 3916 1387 3983 illud:
1411 3917 1532 4003 πατρός

522 4029 554 4113 ν’
575 4032 633 4098 ὅδε
665 4029 788 4100 πολλὸν
816 4030 960 4118 ἄμεινον
985 4032 1178 4100 hemistichii
1206 4032 1285 4100 fines
1313 4053 1377 4100 non
1405 4031 1532 4101 excedit

521 4155 617 4237 atque
646 4148 692 4222 ita
713 4149 936 4242 interponitur,
963 4155 998 4221 ut
1020 4148 1135 4223 obiecti
1156 4150 1224 4221 loco
1247 4148 1298 4222 eit,
1341 4147 1467 4220 Deinde
1489 4147 1530 4241 ei,
