4117 5234
949 689 1108 783 .-¹.¹..

521 867 632 948 nister,
654 862 821 930 oooidisso.
851 856 906 947 (of.
926 862 956 929 J.
967 862 1044 928 VIII
1061 864 1135 928 119.
1157 869 1212 928 καλ
1233 865 1290 929 τοῦ
1312 869 1371 949 μέν
1393 863 1427 953 ῥ’
1441 864 1536 953 α’φά.

520 973 709 1065 μάρτυν·Ᾰὸ
738 976 769 1045 δ’
793 974 924 1067 ἧνλοχον
952 978 1144 1064 θεράποντα
1171 1015 1214 1027 -
1236 976 1396 1065 Ἠνιοπῆα
1416 981 1537 1049 Ἵππων

437 1072 440 1081 f
481 1081 486 1090 ’
522 1092 588 1181 oio?
603 1092 719 1179 ἔχοντα
740 1092 823 1180 θάλε
846 1098 967 1181 στῆθος
990 1090 1080 1182 παρὰ
1101 1094 1213 1179 μαζόν,
1237 1115 1300 1178 qno
1323 1094 1356 1160 in
1371 1094 1439 1161 loeo
1454 1098 1536 1164 inter

521 1212 651 1279 nomino
679 1208 811 1299 ἡνίοχον
840 1219 872 1280 ot
899 1213 1091 1300 θεράποντα
1120 1213 1232 1280 eadem
1260 1212 1341 1278 ratio
1371 1211 1537 1279 intercedit

433 1403 435 1405 ,
520 1334 619 1411 etque
642 1328 724 1392 inter
746 1347 794 1409 oe,
818 1346 900 1409 quae
923 1335 1011 1394 sunt:
1026 1328 1147 1393 Ἵππον
1169 1324 1236 1412 tor
1250 1326 1367 1408 ἔχοντα
1381 1334 1413 1394 et
1428 1325 1536 1393 Ἠνιο·

520 1444 601 1525 πῆα.
617 1446 736 1525 „atque
752 1440 857 1526 ipsum
873 1430 1001 1522 qnidem
1016 1462 1079 1506 non
1095 1442 1158 1522 ioit,
1174 1441 1317 1523 aurigam
1328 1460 1403 1505 vero
1418 1461 1537 1529 norme,
1601 1478 1603 1483 .

522 1555 745 1623 administrum
761 1556 839 1638 eius,
855 1555 1009 1639 Eniopeo,
1033 1554 1087 1637 qui
1102 1547 1193 1636 μετέ)
1225 1552 1377 1619 Similiter
1391 1574 1427 1619 se
1441 1555 1538 1621 habet

521 1672 570 1756 id,
597 1671 682 1755 quod
706 1678 771 1738 est:
802 1669 839 1738 Ο.
855 1670 935 1737 XIX
950 1671 1025 1736 548.
1049 1674 1156 1755 Χηνες
1177 1671 1238 1755 μὲν
1258 1670 1448 1753 μνηστῆρες,
1474 1665 1550 1751 ἔμολ’

521 1780 561 1852 δέ
588 1809 638 1851 τοι
665 1784 794 1862 αἰετὸς
817 1786 924 1873 ὄρνις
942 1783 1003 1851 'Hoc
1026 1785 1143 1871 πάρος,
1173 1785 1233 1851 νῦν
1254 1781 1332 1849 αὖτε
1354 1780 1423 1861 τεὸς
1445 1785 1537 1863 πόσις

520 1902 715 1989 εἰλήλουθα,
748 1903 782 1967 in
811 1921 873 1985 quo
901 1908 935 1969 et
961 1902 1031 1987 ipso
1060 1900 1247 1969 vocobulum
1276 1900 1363 1988 ὄρνις
1391 1900 1536 1968 additum

522 2026 572 2087 est
593 2015 636 2087 ao
659 1999 892 2085 distinctionem
916 2016 1097 2084 notandam.

799 2222 832 2289 4.
866 2223 918 2290 De
934 2225 1048 2314 figora
1069 2224 1260 2289 Alomaoioo.

589 2364 804 2446 Alemanioae,
827 2384 909 2446 qnae
933 2364 1056 2444 dieitur,
1079 2362 1200 2446 figurae
1222 2367 1331 2428 notum
1353 2369 1403 2431 ost
1425 2362 1457 2429 in
1473 2365 1537 2432 Ho

523 2478 650 2546 morinis
680 2484 826 2561 quattuor
854 2479 1002 2563 exemplo
1030 2486 1171 2545 exstare:
1190 2479 1267 2549 ,Η
1284 2480 1358 2545 774.
1381 2472 1436 2564 ἧχι
1457 2477 1536 2568 ῥοάς

522 2595 650 2679 Σιμόεις
680 2593 899 2678 συμβάλλετον
926 2591 985 2679 η’δὲ
1007 2592 1230 2680 Σκάμανδρος.
1265 2594 1330 2660 XX
1346 2596 1419 2660 138.
1446 2596 1477 2658 ελ
1498 2596 1537 2663 δέ

523 2706 555 2774 ν’
568 2710 668 2795 Ἄρης
691 2708 812 2796 ἄρχωσι
833 2705 939 2795 μάχης
960 2712 981 2795 ἢ
1003 2712 1125 2793 Φοῖβος
1144 2707 1324 2778 Ἀπόλλων
1359 2709 1395 2776 Ο.
1411 2711 1445 2776 X
1458 2710 1534 2778 513.
1618 2721 1624 2755 ·'

522 2823 610 2892 ἔνθα
632 2827 692 2909 μὲν
707 2826 751 2902 εἰς
766 2822 942 2909 Ἀχέροντα
958 2826 1220 2909 Πυριφλεγέθων
1234 2849 1268 2889 τε
1288 2824 1415 2912 ῥέουσιν
1431 2822 1445 2913 (Ι
1462 2828 1534 2892 Koi-

523 2941 616 3018 κυτός
639 2938 678 3005 θ’
694 2942 770 3007 XIV
782 2941 856 3007 216.
872 2938 892 3027 ἦ
906 2943 966 3023 μὲν
983 2936 1022 3025 δὴ
1047 2941 1173 3025 θάρσος
1187 2964 1243 3025 μοι
1256 2942 1354 3027 Ἄρης
1369 2938 1399 3005 τ’
1414 2938 1534 3008 ἔδοσαν
1559 2947 1564 2957 “

523 3061 577 3121 καὶ
595 3052 739 3142 Ἀθήνη,
764 3076 894 3139 quorum
918 3056 1182 3123 notabilissimum
1205 3057 1281 3123 illud
1305 3064 1363 3142 est,
1386 3058 1470 3142 quod
1492 3056 1534 3125 lo

522 3172 606 3256 gitur
627 3169 664 3236 Ο.
679 3171 711 3236 X
727 3171 802 3237 513.
833 3169 936 3248 Quum
960 3171 1044 3237 enim
1067 3172 1312 3240 existimandum
1335 3174 1390 3256 sit,
1413 3173 1534 3258 figurae

522 3286 725 3352 Alemanioae
747 3286 792 3352 itn
814 3286 1030 3353 tantummodo
1053 3287 1155 3353 looum
1179 3309 1266 3373 esse,
1296 3289 1324 3354 si
1347 3308 1442 3372 quam
1464 3310 1534 3375 pro

520 3404 607 3474 ximo
630 3403 712 3469 inter
734 3422 770 3468 se
792 3401 958 3468 ooniunota
981 3403 1045 3468 sint
1066 3402 1196 3469 nomina
1217 3424 1271 3487 ea,
1296 3404 1338 3469 ad
1362 3424 1445 3487 quoe
1467 3384 1534 3472 ior·

522 3519 596 3586 bum
619 3518 769 3604 pertinet,
797 3517 829 3582 in
852 3517 913 3583 hoo
935 3519 1080 3602 exemplo
1103 3518 1249 3603 offendit,
1276 3519 1361 3601 qnod
1384 3541 1423 3587 ea
1445 3520 1532 3588 vocis

521 3634 764 3718 intermissione,
784 3652 866 3715 quae
881 3653 990 3700 versus
1009 3633 1147 3717 distinet,
1169 3634 1248 3700 illud
1262 3635 1408 3711 Κώκυτός
1429 3659 1463 3700 τε
1485 3656 1532 3703 se

522 3751 661 3818 innotum
676 3756 726 3818 est
740 3771 761 3816 ο.
775 3749 902 3816 nomine
917 3769 964 3832 eo,
983 3749 1068 3832 quod
1083 3750 1255 3835 praeeedit.
1284 3750 1324 3817 of.
1340 3771 1409 3837 ουρ.
1421 3751 1454 3815 Π
1468 3752 1488 3829 ς’
1501 3753 1531 3818 2.

842 3954 873 4021 5.
907 3955 960 4021 De
975 3957 1163 4042 pronomine
1185 3950 1212 4021 ὅ.
1258 4025 1260 4027 ,

589 4095 764 4162 Pronomen
787 4094 804 4160 ὁ
827 4096 860 4160 in
883 4116 1027 4163 sermone
1050 4096 1218 4164 Homerioo
1240 4117 1281 4165 ne
1303 4103 1368 4164 tum
1392 4097 1530 4181 quidem,

523 4209 552 4274 si
580 4210 721 4293 proxime
744 4195 828 4279 obsit
850 4212 890 4278 ab
913 4212 1037 4278 articuli
1059 4219 1184 4298 natum,
1212 4222 1288 4301 apte
1310 4234 1381 4281 oum
1403 4214 1531 4282 nomino
