4117 5234
955 678 1115 778 -οο-

530 851 551 940 ἢ
572 877 622 922 τοι
643 854 728 941 ἔφην
749 878 785 935 γε
802 850 827 939 il.
850 854 946 922 XXII
962 855 1036 921 280.
1059 849 1080 939 ἦ
1094 875 1145 919 τοι
1159 850 1241 941 ἔφης
1254 875 1292 936 γε
1308 849 1333 941 ΙΙ.
1353 854 1391 922 0.
1404 856 1452 923 XI
1465 856 1547 927 43οξ

530 966 550 1055 ἦ
566 993 615 1036 τοι
632 968 716 1055 ἔφην
736 994 773 1051 γε
789 964 815 1057 ΙΙ.
837 971 918 1036 ΧΧΙ
935 971 986 1037 16.
1009 966 1030 1055 ἦ
1052 992 1101 1036 τοι
1118 966 1287 1049 Ὀδυσσεὺς
1305 965 1320 1057 ΙΙ
1338 967 1443 1038 Ἦλθε
1462 967 1543 1055 μετὰ

528 1095 644 1168 χρεῖος.
670 1084 778 1151 XXIV
797 1079 869 1153 154.
883 1084 1003 1152 Ἰιιοντο
1026 1091 1120 1170 προτὶ
1137 1086 1217 1151 ἄσιν
1232 1085 1430 1171 περικλυτόν,
1454 1083 1543 1174 ἤτοι

526 1192 695 1277 Ὀδυσσεὺς
717 1194 732 1285 ΙΙ
747 1199 909 1284 Ὕστερος.
953 1202 1065 1286 Itaque
1093 1201 1334 1287 improbandum
1363 1207 1426 1286 eet,
1455 1201 1542 1284 quod

396 1334 399 1337 ’
528 1313 695 1383 Daumius
718 1311 839 1400 (Lexio.
854 1316 946 1383 Hom.
968 1338 1000 1403 p.
1017 1314 1096 1402 995)
1120 1317 1199 1383 dieit
1220 1317 1261 1383 de
1284 1337 1331 1400 eo,
1355 1316 1440 1418 quod
1458 1337 1543 1386 nuno

456 1489 458 1494 .
528 1437 689 1515 receptum
712 1436 775 1498 est:
803 1431 890 1497 ,ΠΙ
904 1432 958 1498 56.
981 1436 1031 1519 τίη
1055 1432 1092 1497 δὲ
1115 1428 1154 1499 σδ
1177 1430 1292 1520 κη’δεαι
1314 1430 1418 1509 οὕτως
1436 1428 1450 1517 ΙΙ
1464 1430 1542 1500 ’Λν-

529 1544 631 1629 δρῶνη
658 1539 681 1631 ἤ
708 1551 759 1611 σοὶ
780 1544 895 1633 ἄριστα
917 1551 1088 1634 πεποίηται
1115 1546 1197 1613 κατὰ
1221 1550 1324 1615 οἱκοντ
1346 1546 1463 1634 „Quod
1485 1548 1542 1617 alii

526 1661 636 1745 legunt
658 1656 680 1746 ἤ
702 1664 753 1725 σοί
774 1657 856 1745 (loeo
877 1664 955 1747 eius,
979 1664 1064 1747 quod
1082 1670 1132 1731 est
1145 1661 1166 1752 ἦ
1180 1660 1243 1749 τοι)
1258 1664 1293 1731 id
1307 1664 1412 1731 minus
1426 1664 1541 1750 placet.

527 1775 609 1851 Nam
638 1778 689 1839 uui
716 1776 903 1842 subauditur
929 1779 1116 1863 elegantius.
1152 1779 1221 1865 ἤτοι
1249 1787 1299 1847 est
1326 1802 1384 1867 pro
1413 1776 1541 1860 ὄντας.“

527 1890 595 1958 Neo
620 1889 735 1956 reotius
759 1889 796 1956 Ο.
817 1891 898 1956 XIX
918 1892 994 1959 599.
1023 1892 1062 1959 σδ
1091 1894 1128 1959 δὲ
1150 1894 1242 1975 λέξεο
1264 1893 1344 1983 τῷδ’
1359 1896 1408 1963 ἑνὶ
1430 1900 1506 1985 οἴνῳ
1523 1892 1538 1985 ΙΙ

521 2002 570 2070 'H
588 2005 728 2088 χαμάδις
757 2009 908 2091 στορέσας
934 2007 955 2093 η’
982 2031 1044 2074 τοι
1069 2006 1153 2074 κατὰ
1175 2009 1291 2095 δέμνια
1313 2015 1442 2079 θέντων
1462 2014 1541 2081 Her·

528 2141 663 2188 mannus
686 2127 718 2188 et
739 2120 922 2189 Diudorfiue
944 2123 1085 2190 scribunt
1106 2124 1200 2211 ἢτοι.

530 2233 538 2309 ᾗ,
592 2236 719 2303 Deinde
747 2243 800 2321 ee,
830 2257 912 2321 quae
940 2246 1013 2307 eunt
1040 2234 1119 2306 οὐδὲ
1144 2245 1205 2326 μὲν
1226 2238 1304 2309 οδδέ
1325 2248 1358 2309 et
1378 2238 1456 2309 οὐδὲ
1477 2238 1539 2329 γὰρ

527 2347 621 2429 οὐδέ,
650 2353 764 2435 quibus
794 2353 838 2420 ita
860 2354 1017 2422 Homerus
1040 2357 1087 2423 uti
1109 2358 1203 2441 solet,
1231 2365 1266 2424 ut
1288 2358 1330 2424 sit
1351 2358 1439 2443 prius
1461 2354 1540 2423 οδδδ

525 2466 594 2534 loeo
616 2466 851 2534 eoniunotionis
878 2465 931 2554 (of.
947 2470 984 2537 Ο.
1001 2471 1045 2537 IV
1061 2474 1136 2539 804.
1164 2470 1295 2550 Εδδεις,
1321 2470 1538 2558 Πηνελόπεια,

527 2581 626 2669 φίλον
652 2586 816 2671 τετιημένη
845 2580 937 2669 ἦτορ,·
969 2583 1022 2650 Οὐ
1049 2588 1120 2670 μέν
1149 2584 1179 2650 o'
1195 2584 1273 2652 οὐδὲ
1298 2586 1373 2653 ἐῶσι
1395 2591 1471 2654 θεοὶ
1493 2624 1538 2637 -

526 2695 659 2769 κλαίειν.
691 2697 810 2765 V212.
833 2698 903 2764 ἐπεὶ
925 2699 969 2764 οὔ
991 2724 1069 2777 πως
1085 2694 1170 2773 ,οὐδὲ
1191 2698 1307 2785 ἔοικεν)
1330 2702 1396 2769 fere
1412 2722 1538 2787 semper

525 2812 628 2883 looum
651 2811 769 2881 habent
791 2815 824 2880 iu
846 2836 939 2882 versu
962 2815 1100 2882 ineunte.
1133 2816 1214 2881 Nam
1237 2816 1343 2883 inhio
1365 2817 1536 2903 exemplis:

524 2929 555 2996 J.
566 2930 630 2993 ΧΠ
646 2930 720 2995 212.
739 2925 862 2996 Ἐσδλοὶ
885 2928 1086 3015 φραζομένῳ,
1110 2929 1178 2993 ἐπεὶ
1200 2927 1278 2996 οὐδὲ
1300 2936 1360 3015 μὲν
1375 2928 1453 2997 οὐδὲ
1470 2930 1537 2998 ἔοι-

526 3067 581 3109 κεν
598 3038 747 3131 Μ’Δῆμον
776 3044 871 3110 ἐόντα
898 3046 1002 3129 παρὲξ
1030 3041 1223 3129 ἀγορευέμεν
1248 3052 1280 3113 et
1302 3046 1339 3113 O.
1358 3045 1439 3112 XXI
1460 3048 1535 3115 319.

526 3160 624 3245 Μηδέ
646 3183 692 3233 τις
714 3194 759 3204 -
781 3154 908 3240 δχεδων
925 3156 1068 3225 Ἐνδοὶδε
1091 3159 1269 3238 δαινύσθω,
1292 3160 1361 3226 ἐπεὶ
1384 3160 1461 3228 οὐδὲ
1475 3165 1536 3247 μὲν

393 3256 396 3262 ’
518 3270 602 3341 ὀὐδὲ
624 3272 727 3338 ἔοικεν
742 3266 757 3359 li
774 3293 839 3338 non
862 3274 955 3341 modo
978 3275 1141 3342 collocatio
1164 3275 1248 3343 illiue
1271 3271 1347 3342 οὐδὲ
1368 3280 1429 3361 μὲν
1448 3273 1535 3354 οὐδέ,

525 3388 701 3457 sedetiam
729 3388 917 3474 significatio
941 3411 980 3458 ea
1003 3397 1066 3475 est,
1094 3410 1177 3474 quae
1199 3413 1219 3458 a
1242 3399 1368 3477 recepto
1391 3412 1451 3459 usu
1473 3392 1537 3460 die

524 3512 641 3591 erepet
679 3504 783 3587 Atque
811 3504 844 3569 in
866 3505 977 3572 Iliadis
1004 3507 1075 3573 looo
1103 3506 1199 3574 etiam
1226 3507 1304 3574 illud
1327 3528 1348 3574 ε
1374 3527 1460 3574 more
1488 3527 1535 3575 re·

525 3620 623 3705 cedit,
651 3619 736 3703 quod
759 3619 859 3705 δῆμος
882 3619 1000 3688 dietum
1022 3629 1072 3688 est
1093 3643 1151 3708 pro
1174 3643 1228 3707 eo,
1251 3622 1336 3705 quod
1358 3629 1408 3689 est
1430 3619 1535 3709 δήμου

525 3733 617 3824 ἀνήρ.
652 3735 691 3802 of.
706 3736 736 3803 J.
752 3735 784 3800 II
802 3737 873 3801 198.
890 3733 949 3801 Ὃν
972 3730 1006 3801 δ’
1022 3734 1066 3802 αὖ
1089 3736 1193 3822 δήμου
1215 3734 1245 3804 τ’
1260 3738 1366 3823 ἄνδρα
1388 3738 1464 3803 ἴδοι.

591 3852 640 3920 Ea
662 3852 829 3935 voeabula,
858 3872 939 3934 quae
968 3851 1065 3919 iussis
1094 3853 1253 3919 adduntur
1281 3852 1315 3917 in
1343 3851 1534 3920 carminibus

523 3966 716 4034 Homericis:
744 3967 812 4048 ἄγε
842 3962 971 4052 (ἄγετε,
1000 3968 1030 4032 εἰ
1053 3964 1085 4032 δ’
1100 3966 1174 4048 ἄγε,
1201 3966 1231 4030 εἴ
1259 3960 1294 4032 δ’
1308 3966 1411 4049 ἄνετε,
1443 3964 1532 4053 δεῦρ’

524 4078 594 4162 ἄγε,
621 4082 679 4163 ἄγε
701 4082 806 4168 δεῦρο,
829 4082 859 4147 εἰ
880 4079 911 4146 δ’
927 4082 985 4164 ἄγε
1008 4082 1114 4168 δεῦρο,
1138 4077 1225 4148 δεῦτ’
1241 4077 1342 4168 ἄγετ’)
1365 4089 1397 4150 et
1418 4078 1533 4169 ἄγρει

525 4193 676 4284 (drusius)
706 4204 738 4265 et
767 4197 883 4286 δεῦρο
913 4193 997 4282 (sine
1024 4197 1135 4268 addito
1164 4194 1540 4291 ἄηε)θ1δεῦτε(εἰιιθΙ
