4117 5234
964 660 1143 758 ,⁵2-

556 836 688 907 uxnlusa
710 836 782 921 sini,
806 843 889 920 quau
911 833 1083 903 facillimae
1106 837 1180 903 sunt
1203 833 1510 921 in'intnrpunntionn
1524 856 1572 906 re·

556 953 719 1040 ciniendaz
741 953 828 1022 velut
849 951 1024 1020 interiectio
1039 952 1075 1017 ni
1097 951 1198 1018 πόποι
1219 972 1392 1038 numquam
1416 950 1449 1017 iu
1465 951 1570 1019 medin

554 1076 658 1154 versu,
681 1068 740 1136 sed
762 1068 796 1134 in
818 1068 946 1135 ineunte
968 1068 1186 1135 tantummodo
1210 1068 1366 1153 reperitur.
1391 1063 1445 1152 (οί.
1460 1066 1570 1136 Amnis

555 1184 593 1252 Ο.
607 1185 688 1252 XIII
708 1180 804 1267 209).
842 1182 923 1250 Inde
944 1183 994 1269 fit,
1021 1190 1058 1249 ut
1079 1184 1237 1251 adientiva
1258 1183 1388 1270 νῆπιοςς
1415 1183 1568 1266 σχέτλιος,

555 1298 730 1386 δύσμορος,
757 1297 854 1385 νηίῆς
880 1298 909 1366 εἰ
932 1298 1186 1386 epiphonematis
1208 1300 1278 1367 Ιοοο
1300 1305 1492 1385 usurpantur
1514 1294 1569 1383 (τί.

553 1415 647 1481 mx
662 1416 737 1482 630.
759 1413 925 1495 Σχέτλιος,
949 1412 1028 1481 οὐδὲ
1049 1417 1280 1500 μετατρέπεται
1294 1412 1468 1501 φιλότητος
1482 1410 1570 1478 ἐσσί,

554 1552 630 1617 ρων.
670 1529 745 1598 632.
773 1528 895 1616 Νῆίῆς·
925 1532 981 1595 καὶ
1007 1532 1068 1614 μέν
1089 1533 1137 1606 τίς
1163 1555 1198 1596 τε
1220 1530 1423 1616 κασιγνῆτοιο
1447 1531 1570 1616 φονῆος

522 1672 540 1702 0
554 1642 679 1731 Ποινῆν
701 1681 744 1697 -
767 1644 912 1723 ἐδέξατο.
951 1644 988 1712 Ο.
1008 1645 1074 1711 XX
1095 1646 1169 1712 193.
1198 1647 1262 1712 ποῦ
1291 1646 1330 1711 δέ
1358 1642 1400 1713 νιί
1422 1642 1454 1712 οἳ
1474 1641 1567 1731 γενεῆ

554 1764 609 1826 καί
631 1764 745 1845 πατρὶς
766 1755 909 1844 ἄρουρα·
930 1758 1115 1847 Διίσμορος,
1138 1758 1207 1847 ῆτε
1222 1760 1306 1826 ἔοικε
1323 1760 1424 1844 δέμας
1439 1760 1571 1844 βασιλῆϊ

553 1876 677 1943 ἄνακτι.
709 1875 747 1941 In
769 1875 827 1959 eis,
849 1894 931 1957 quae
946 1883 1034 1942 sunt:
1057 1875 1095 1942 Ο.
1110 1876 1159 1940 IX
1173 1877 1249 1943 442.
1272 1872 1308 1941 τὰ
1326 1875 1364 1941 δὲ
1380 1875 1496 1963 νῆπιος
1510 1873 1569 1942 οδκ

553 1990 693 2078 ἐνόησεν.
726 1989 823 2057 XXII
838 1991 891 2057 32.
914 1988 1010 2055 τὸδὲ
1033 1986 1144 2078 νῆπιοι
1165 1985 1224 2056 οὔκ
1246 1988 1395 2077 ἐνόησαν.
1436 1992 1511 2058 370.
1534 1996 1569 2057 ui

554 2106 592 2172 δὲ
618 2106 729 2193 νήπιοι
756 2103 853 2173 οὐδὲν
880 2102 1180 2174 inov'adieutivnm
1208 2113 1258 2175 est
1283 2107 1353 2175 loun
1381 2106 1568 2193 praedicati.-

553 2222 593 2290 σί.
614 2222 662 2290 IX
682 2223 736 2290 44.
765 2228 814 2287 τοὶ
842 2222 879 2287 δὲ
906 2224 989 2307 μέγα
1015 2219 1126 2308 νῆπιοι
1152 2220 1210 2288 οὐκ
1232 2219 1408 2307 ἐπίθοντο)
1430 2222 1567 2307 primum

552 2359 664 2407 versus
692 2338 809 2424 pedum
836 2344 979 2423 teneant,
1014 2338 1144 2425 deinde,
1173 2344 1208 2405 ut
1234 2338 1269 2404 hi
1296 2338 1476 2424 imperativi
1503 2357 1568 2404 non
1613 2412 1620 2418 ,

552 2453 698 2540 legantur
711 2453 775 2520 nisi
797 2452 939 2521 inversu
955 2454 1098 2522 ineunte:
1120 2455 1151 2522 J.
1162 2455 1207 2521 IV
1218 2455 1271 2521 29.
1286 2450 1405 2539 Ἔρδ·
1429 2449 1510 2535 ἀτὰρ
1526 2448 1569 2517 οὔ

553 2593 603 2635 τοι
625 2566 744 2648 πάντες
765 2568 957 2655 ἐπαινέομεν
978 2572 1057 2633 θεοὶ
1078 2569 1183 2634 ἄλλοι.
1216 2568 1281 2636 XX
1296 2569 1373 2634 349.
1389 2564 1566 2656 Ἐῥρέτισ

554 2684 594 2751 οὔ
616 2682 648 2750 οἱ
671 2680 780 2770 θυμδς
808 2683 884 2769 ἐμοῦ
911 2681 958 2750 ἔτι
986 2684 1192 2770 πειρηθῆναι.
1242 2684 1291 2749 IX
1311 2685 1366 2750 42.
1394 2684 1424 2749 τί
1451 2683 1488 2748 δὲ
1517 2684 1568 2748 σοί

554 2797 641 2890 αὐτῷ
663 2797 770 2884 θυμὸς
789 2800 959 2866 ἐπέσσυται
981 2799 1063 2866 ὥστε
1078 2803 1221 2875 νέεσθαι,
1235 2799 1378 2884 Ἕρχεο.
1411 2797 1476 2861 XII
1490 2796 1567 2863 326.

554 2918 615 2989 νῦν
657 2910 700 2995 δ’,
728 2913 829 3001 ἔμπης
865 2911 929 3002 γάρ
971 2916 1070 3001 Κῆρες
1104 2914 1275 3001 ἐφεστᾶσιν
1314 2912 1477 2979 θανάτοιο
1503 2947 1566 2997 -,

547 3028 575 3096 Ἴ
580 3054 597 3095 ο
604 3052 683 3114 μεν.
720 3030 780 3095 XV
795 3029 870 3096 496.
895 3030 930 3104 ὃς
953 3028 990 3093 δέ
1011 3050 1067 3094 κεν
1087 3024 1194 3115 ὑμέων
1218 3029 1383 3115 Βίῆμενος
1404 3025 1440 3114 ῆὲ
1459 3033 1567 3105 τυπεὶς

553 3144 706 3210 θάνατον
728 3150 783 3208 καὶ
803 3144 927 3228 πότμον
949 3143 1078 3237 ἐπίσπῃ,
1102 3143 1304 3211 Τεθνοίτω.
1340 3144 1424 3211 Ο.Π
1442 3145 1515 3211 141.
1538 3143 1569 3208 τί

555 3258 587 3327 δ’
603 3255 680 3344 ὑμῖν
702 3260 806 3325 δοκέει
828 3256 904 3324 τόδε
928 3259 1081 3346 λωίτερον
1100 3297 1144 3307 -
1156 3259 1311 3347 Ἕμμεναι
1329 3296 1375 3307 -
1396 3263 1566 3345 Κείρετε.

553 3375 605 3442 Ad
621 3374 756 3443 eandem
771 3395 901 3442 cansam
916 3375 1116 3443 referendum
1132 3382 1189 3459 est,
1205 3374 1290 3459 quod
1305 3375 1566 3462 comparationes,

554 3491 588 3557 in
611 3492 725 3575 quibus
748 3490 885 3577 protasis
908 3491 1044 3577 apndosi
1065 3490 1241 3578 praeeedit,
1264 3512 1391 3578 semper
1412 3490 1567 3577 incipiunt

554 3628 576 3674 a
597 3626 691 3674 versu
720 3606 857 3674 ineunte.
904 3606 943 3673 of.
960 3607 991 3673 J.
1012 3605 1043 3671 ΙΙ
1065 3607 1139 3672 147.
1167 3601 1218 3683 Ὡς
1246 3604 1278 3672 δ’
1298 3604 1352 3673 διε
1374 3606 1485 3695 κινῆσῃ
1507 3611 1566 3672 net.
1634 3630 1636 3634 ’

554 3721 599 3789 IV
616 3723 668 3789 75.
693 3719 772 3789 Οίον
795 3720 827 3787 δ’
846 3715 966 3807 α’στέρα
987 3716 1042 3806 ῆκε
1064 3727 1127 3802 στί..
1166 3718 1239 3788 141.
1260 3717 1315 3799 Ὦς
1337 3717 1372 3786 δ’
1394 3721 1447 3786 ὅτε
1469 3723 1515 3795 τίς
1536 3716 1566 3785 τ’

555 3836 720 3923 ἐλέφαντα
741 3833 820 3923 κυνῆ
845 3839 967 3921 φοίνικι
988 3833 1097 3929 μιῆνῆ.
1130 3837 1205 3903 274.
1223 3835 1389 3902 422452.
1428 3834 1512 3901 Nam
1530 3833 1566 3899 in

556 3974 608 4037 eo,
637 3951 722 4036 quod
745 3958 794 4018 est
816 3950 853 4018 Ο.
876 3951 924 4015 IX
947 3952 1021 4018 384.
1050 3948 1112 4032 ἐμοὶ
1142 3946 1176 4016 δ’
1199 3951 1387 4039 ἐφύπερθεν
1410 3950 1566 4036 ἐρεισθεὶς

554 4072 672 4134 Δίνεον
687 4064 730 4142 ὥς
750 4066 802 4131 ὅτε
817 4090 863 4142 τις
878 4069 987 4156 τρυπῷ
1004 4067 1084 4151 δόρυ
1097 4064 1190 4152 νήϊον
1205 4059 1288 4152 οἷνῆρ
1312 4065 1350 4133 G.
1365 4066 1566 4133 Hermunnus

555 4183 589 4249 in
611 4182 750 4251 editione
772 4202 832 4251 sua
857 4203 922 4250 non
943 4189 1028 4251 rente
1051 4184 1144 4269 plene
1166 4182 1361 4268 interpunxit
1381 4188 1455 4269 pout
1475 4202 1567 4251 vonn-
