4117 5234
954 679 1115 782 A..

522 854 631 923 XVIII
651 855 727 923 348.
756 852 832 945 ὄφρ’
848 854 895 922 ἔτι
921 856 1049 943 μᾶλλον
1070 853 1142 945 Δυή
1164 845 1246 939 ἄχος
1268 856 1406 944 κραδίην
1428 861 1540 945 Λαέρ-
1633 927 1636 934 ,

521 971 656 1038 οιδδεοι
673 969 856 1058 ὀδουιῑος
883 973 1046 1061 discrepat
1073 970 1132 1058 (of.
1149 973 1179 1040 J.
1200 972 1344 1058 Bekker,
1371 975 1449 1041 uber
1478 973 1538 1042 das

522 1088 715 1172 zwanaigste
727 1088 815 1156 Bueh
830 1089 888 1156 der
899 1087 1055 1176 Odyssee.
1077 1089 1362 1156 Monatsbarnsos
1379 1110 1410 1175 p.
1417 1089 1483 1155 643
1490 1110 1537 1173 sq.

524 1229 564 1261 =
576 1204 704 1270 Homer.
716 1205 764 1271 Bl.
779 1227 811 1289 p.
826 1206 890 1271 123
902 1201 992 1290 seq.),
1007 1206 1087 1272 ulter
1101 1205 1142 1271 ad
1155 1224 1226 1272 eam
1238 1212 1361 1291 partem
1373 1205 1445 1272 libri
1456 1204 1537 1270 XXI

521 1320 673 1405 pertinet,
701 1340 765 1403 qua
786 1318 1001 1388 Hoffmannus'
1026 1340 1152 1387 carmen
1180 1322 1337 1388 recentius
1364 1341 1436 1388 oum
1459 1320 1538 1387 anti·

522 1435 631 1532 quiere
654 1435 853 1502 eoniunetum
876 1456 948 1503 esse
971 1435 1133 1502 existimat
1156 1432 1210 1521 (of.
1231 1433 1374 1514 Quaestt.
1392 1436 1485 1502 Hom.
1504 1435 1537 1501 Π

521 1570 553 1635 p.
568 1550 634 1616 245
650 1571 716 1634 seq.
733 1552 797 1616 247
812 1548 900 1636 not).
935 1551 1122 1619 Posterioris
1144 1552 1260 1618 aetatis
1283 1557 1398 1636 poetas
1420 1551 1536 1637 partim

521 1667 562 1732 ab
585 1685 644 1733 usu
661 1664 829 1732 Homerico
850 1665 1061 1733 deflexerunt:
1085 1674 1117 1734 et
1131 1666 1293 1734 Hesiodus
1309 1667 1359 1733 Se.
1375 1667 1468 1734 Hero.
1483 1667 1538 1732 41.

520 1791 608 1857 τοίας
628 1777 692 1865 reio
715 1781 883 1867 κραδίην
905 1778 1014 1858 πόδας
1037 1784 1149 1848 αἴνυτο
1173 1786 1346 1867 ποιμένα
1370 1777 1540 1866 λαῶν(ἰυ

520 1896 582 1962 hoo
603 1896 672 1963 Iooo
695 1895 843 1963 Hesiodi:
866 1897 987 1982 'Pheop
1002 1897 1068 1964 567
1085 1917 1152 1981 seq.
1177 1896 1278 1964 δοίκεν
1301 1895 1332 1963 δ’
1349 1896 1414 1984 ἄρα
1428 1897 1537 1963 νειόθι

520 2009 656 2096 θυμδν
676 2005 690 2099 ΙΙ
711 2008 799 2098 Ζῆν’
820 2006 1105 2100 ὑψιβρεμέτην,
1134 2012 1275 2097 έχόλεοσε
1299 2014 1336 2079 δέ
1357 2036 1415 2098 μιν
1438 2013 1537 2101 φίλον

519 2125 598 2214 ἧεορ
626 2148 689 2194 non
718 2136 804 2195 certa
833 2135 882 2195 est
908 2126 1016 2212 lectio)
1046 2136 1078 2196 et
1104 2129 1278 2214 Sophocles
1302 2127 1380 2196 Oed.
1403 2130 1438 2196 (i.
1461 2130 1535 2196 314.

520 2248 614 2329 κρατὶ
637 2241 668 2309 δ’
684 2238 867 2328 ἧλιοσεερης
888 2245 966 2331 κυνῆ
990 2245 1181 2329 πρόσωπα
1206 2243 1362 2321 assueto
1385 2267 1448 2310 νιν
1470 2241 1536 2328 οἷμ-

520 2362 611 2440 πέχει
634 2365 666 2425 et
687 2358 917 2444 Aristophanes
933 2360 1067 2446 Lysistr.
1083 2361 1158 2426 542.
1175 2358 1255 2428 ου’δδ
1268 2359 1422 2443 γόνατα
1436 2355 1537 2436 κόπος

520 2472 589 2539 stoa
610 2497 656 2557 με
678 2471 862 2560 καματηρὸς
879 2475 931 2542 ἄν.
964 2476 1004 2541 Εἰ
1015 2497 1090 2543 vero
1105 2483 1228 2562 poetae,
1253 2476 1307 2559 qui
1322 2476 1380 2542 toti
1394 2475 1535 2562 pendent

521 2591 561 2656 ab
584 2590 737 2674 Homero,
766 2590 862 2657 etiam
891 2591 924 2656 in
949 2611 1009 2658 usu
1030 2591 1152 2675 figurae
1174 2587 1354 2656 aao'dtov
1374 2578 1429 2656 καὶ
1452 2585 1534 2656 καεδ

520 2706 617 2789 μέρος
644 2705 815 2772 Homerum
844 2713 1031 2789 sequuntur:
1066 2712 1151 2773 uerte
1178 2705 1363 2790 Apollonius
1392 2705 1534 2773 Rhodius

519 2819 582 2886 hoo
604 2840 666 2886 uno
680 2841 774 2888 versu
798 2822 841 2904 id,
864 2822 948 2905 quod
971 2819 1014 2888 ad
1033 2828 1133 2889 toturn
1149 2828 1280 2907 spectat,
1303 2841 1366 2888 non
1381 2821 1414 2886 in
1430 2822 1534 2906 priore

519 2936 589 3002 looo
617 2937 738 3021 posuit:
766 2936 810 3002 IV
826 2937 899 3003 724.
930 2931 952 3022 η’
977 2934 1041 3021 γὰρ
1071 2935 1204 3022 ὀνείρων
1227 2938 1373 3024 Μνῆσεις
1395 2932 1533 3021 ἀεικελίη

522 3050 617 3116 δῦνεν
640 3053 789 3138 φρένας
817 3046 1104 3138 ὁρμαίνουσαν,
1134 3052 1197 3119 nIsi
1224 3053 1308 3121 huno
1335 3052 1438 3137 ipsum
1467 3071 1534 3118 ver·

521 3187 592 3233 sum
615 3188 654 3234 ex
676 3167 785 3234 codiee
808 3167 1029 3253 Laurentiano,
1053 3167 1108 3251 qui
1130 3169 1261 3253 praebet
1281 3163 1480 3261 ὅρμοίνοησα
1502 3173 1535 3232 et

520 3283 693 3368 ascriptum
717 3276 935 3369 δηραίνουοα,
959 3283 1031 3367 erit,
1061 3282 1116 3365 qui
1142 3283 1184 3350 ad
1207 3281 1443 3350 consuetudinis
1465 3301 1533 3347 nor·

520 3419 605 3465 mam
628 3398 773 3482 redigere
795 3398 906 3483 possit,
928 3399 980 3464 vel
1001 3397 1081 3465 haee
1101 3399 1281 3466 emendatio
1296 3418 1372 3467 vera
1385 3397 1534 3464 habenda

498 3515 584 3582 ’est:
610 3511 683 3580 δῦν’
698 3513 731 3589 ές
753 3517 875 3600 φρένας
896 3508 1124 3596 ὁρμαίνουσαν.

577 3719 607 3786 2.
641 3720 694 3785 De
717 3719 828 3783 dativis
850 3717 1023 3802 duplicibus
1045 3719 1089 3782 ad
1109 3719 1340 3784 είυυίίίίυδίαυιυ
1355 3721 1483 3811 ſsperae

691 3829 776 3897 καθ’
791 3832 868 3897 ὅλον
891 3835 945 3896 καί
967 3828 1050 3895 κακοὶ
1072 3835 1169 3919 μέρος
1191 3834 1367 3898 contraeatis.

588 3972 690 4051 Quam
718 3972 821 4057 legem
850 3973 937 4060 apud
963 3972 1136 4041 Homerum
1165 3973 1198 4038 in
1227 3973 1329 4056 figura
1356 3969 1437 4036 καθ’
1456 3972 1533 4038 ὅλον

520 4091 575 4153 καί
595 4085 678 4152 aava}
700 4091 797 4173 μέρος
819 4088 1008 4156 usuvenire
1031 4088 1325 4170 demonstravimus,
1353 4086 1466 4154 eadem
1489 4087 1532 4154 ad

521 4203 586 4271 alia
613 4203 771 4286 quaedam
794 4203 945 4290 pertinet,
973 4225 1056 4288 quae
1078 4211 1210 4273 naturae
1233 4209 1306 4270 sunt
1320 4202 1451 4270 similis.
1485 4202 1533 4270 Ae
