4117 5234
987 740 1148 842 2⁸...

630 922 726 1008 Ipsae
747 918 984 988 eonsuetudinis
998 920 1188 990 Homericae
1202 914 1299 1006 leges,
1323 926 1355 988 et
1369 913 1437 1005 eae,
1459 914 1574 1005 quibua

560 1037 727 1105 sorborum
743 1036 957 1105 collocationis
973 1036 1102 1104 libertae
1114 1037 1321 1122 restringitur,
1333 1042 1365 1102 et
1380 1056 1447 1120 eae,
1458 1036 1573 1120 quibus

462 1173 466 1178 ·
561 1151 738 1220 admittitur
760 1152 887 1222 liberior
901 1172 988 1237 usur,
1010 1153 1154 1238 proxime
1176 1154 1290 1219 abesse
1304 1150 1451 1219 videntur
1465 1173 1487 1219 a
1500 1152 1574 1220 sim‘·

561 1267 714 1358 plioitate,
730 1267 905 1334 eommunis
934 1287 1021 1334 usus.
1066 1266 1155 1345 Quae
1184 1267 1269 1334 enim
1296 1268 1330 1332 in
1355 1267 1499 1334 restrioto
1519 1270 1574 1336 ob·

550 1382 727 1450 vservandis
750 1383 897 1470 propriae
919 1381 1156 1449 consuetudinis
1178 1383 1301 1467 legibus
1322 1382 1509 1468 simplicitas
1523 1389 1573 1452 est

561 1498 749 1565 Homerioue
771 1497 894 1582 poesis,
911 1494 1037 1565 'eadem
1060 1497 1155 1564 debet
1177 1499 1209 1563 in
1232 1497 1313 1584 ipsis
1335 1497 1572 1566 consuetudinis

545 1614 684 1698 legibus
707 1614 822 1680 inesse.
855 1613 902 1680 Ao
924 1633 965 1680 ne
987 1613 1091 1700 potuit
1112 1613 1240 1698 quidem
1263 1613 1500 1680 consuetudinis
1522 1613 1572 1683 vis

558 1728 713 1797 eooed'ore
734 1728 797 1795 nisi
820 1728 876 1813 eis,
900 1749 982 1813 quae
1004 1750 1025 1795 a
1048 1729 1241 1813 singulorum
1264 1728 1427 1815 poetarum
1444 1727 1573 1802 lieentia

559 1864 656 1928 quum
688 1844 826 1910 maxime
853 1844 959 1911 aliena
988 1850 1078 1911 erant
1110 1850 1142 1911 et
1174 1850 1303 1930 propter
1337 1843 1572 1929 simplieitatem

560 1978 656 2045 qmm
680 1959 828 2026 laoillimo
850 1979 886 2025 se
909 1959 1092 2026 offerebant.
1123 1959 1194 2026 Non
1216 1959 1362 2025 eonvenit
1384 1965 1439 2026 aut
1461 1957 1572 2045 epioae

557 2074 650 2160 poesi
672 2074 705 2139 iu
720 2074 901 2141 universum
916 2080 971 2140 aut
986 2075 1033 2142 eis
1049 2074 1252 2161 temporibus,
1275 2074 1389 2157 quibus
1406 2080 1483 2143 nata
1497 2081 1571 2146 sunt

557 2189 699 2256 earmina
720 2189 905 2274 Homerica,
933 2189 1104 2257 artificiosa
1132 2189 1306 2257 eommunis
1328 2208 1405 2256 usus
1428 2191 1571 2278 mutatio,

556 2323 640 2390 quae
673 2304 707 2370 in
740 2306 830 2391 poesi
863 2305 956 2392 epioa
991 2313 1023 2373 et
1052 2307 1181 2373 Homeri
1209 2305 1402 2392 temporibus
1428 2325 1493 2372 non
1521 2312 1572 2373 est

491 2478 495 2488 .
555 2419 725 2505 libertatis,
755 2421 813 2487 sed
835 2407 998 2507 licentiae,
1026 2443 1090 2488 non
1112 2429 1227 2508 poetae
1249 2421 1400 2489 maiorem
1423 2420 1570 2506 spiritum

556 2535 719 2631 sumentis,
742 2535 799 2603 sed
822 2535 1020 2605 luxuriantis.
1054 2538 1091 2603 Iu
1115 2537 1271 2606 rhetorioa
1290 2537 1454 2604 verborum
1476 2536 1570 2603 eollo·

555 2651 680 2720 oetiono
695 2651 852 2720 Homerus
874 2672 970 2737 quum
994 2653 1075 2721 haee
1090 2654 1227 2720 maxime
1244 2659 1374 2739 spectet,
1397 2651 1570 2718 distinotio-

555 2786 616 2835 nes.
636 2772 764 2853 notans,
789 2775 824 2834 ut
845 2769 1018 2837 orationem
1036 2769 1203 2838 volubilius
1226 2769 1401 2852 continuet,
1424 2787 1463 2835 ea
1477 2786 1568 2835 voea-

555 2882 638 2967 bula,
661 2903 743 2967 quao
759 2885 890 2952 maximi
905 2892 979 2952 sunt
993 2884 1154 2971 ponderis,
1177 2884 1321 2968 efferens,
1344 2889 1379 2950 ut
1394 2881 1568 2951 sententias

554 2997 668 3066 reddat
683 2998 886 3066 diluoidiores
902 3007 934 3066 et
948 3000 1120 3084 grauiores,
1144 2999 1177 3064 in
1193 2997 1333 3084 periodis
1350 2996 1568 3065 additamenta

555 3135 709 3201 separans
731 3115 772 3182 ab
796 3115 843 3182 eis
858 3115 1028 3199 vocabulis,
1052 3115 1084 3182 in
1108 3115 1221 3198 quibus
1245 3133 1369 3180 summa
1391 3113 1568 3180 sententiae

554 3237 706 3316 versetur,
729 3235 764 3296 ut
785 3230 969 3314 languorem
992 3230 1089 3298 evitet
1111 3229 1262 3296 orationis
1284 3228 1379 3295 nimis
1397 3228 1481 3294 lente
1497 3248 1569 3313 pro·

554 3345 691 3431 liuentis,
713 3346 868 3413 voeabula
890 3366 938 3430 ea,
960 3365 1043 3429 quae
1066 3345 1204 3412 maxime
1226 3344 1308 3410 inter
1331 3363 1366 3411 se
1389 3342 1568 3427 oohaerent,

554 3461 706 3529 dirimens
721 3481 956 3546 nonnumquam
971 3467 1003 3527 et
1018 3460 1165 3528 intercise
1181 3459 1354 3545 proferens,
1377 3464 1411 3524 ut
1425 3460 1569 3526 membru

554 3577 705 3644 orationis
734 3576 839 3663 aptius
868 3583 1025 3661 ooneotat,
1054 3597 1093 3643 ea
1122 3574 1243 3642 ratione
1266 3573 1375 3657 utitur,
1404 3571 1568 3656 adquam

554 3689 769 3779 recipiendam
798 3711 901 3759 sermo
924 3691 1066 3759 Graeous
1088 3710 1146 3777 per
1168 3709 1204 3756 se
1226 3687 1352 3756 iaoilem
1377 3707 1413 3755 se
1434 3688 1569 3774 praebet

554 3806 832 3891 necessariamque
853 3807 1031 3875 libertatem
1056 3824 1182 3892 semper
1204 3803 1342 3871 retinuit.

923 4127 1197 4154 ..-........,
