4117 5234
1026 663 1045 724 5

953 750 1113 763 ——-..

525 836 670 924 proxime
693 836 822 919 quidem
845 835 889 903 erl
903 837 1141 905 similitudinem
1157 840 1278 924 figurae
1293 837 1380 906 καθ’
1394 842 1472 908 ὅλον
1487 844 1542 908 καλ
1605 903 1608 911 ,

525 949 609 1018 κατὰ
635 955 732 1037 μέρος
759 952 914 1019 eoeedunt
942 953 1087 1038 duplices
1109 955 1209 1022 dativi
1232 953 1285 1039 (ef.
1302 957 1331 1023 J.
1353 958 1402 1024 Le
1424 957 1541 1025 Roehe

525 1066 732 1136 HomerIsohe
755 1068 898 1134 Studien.
925 1068 1019 1134 Wien
1045 1071 1127 1169 1861
1155 1092 1185 1155 p.
1201 1071 1276 1137 225.
1307 1073 1451 1157 Bellum,
1478 1074 1541 1142 Ho

525 1183 680 1252 merisehe
696 1183 815 1250 Bletrer
831 1204 861 1268 p.
875 1184 940 1250 292
951 1182 1033 1267 seq.)
1049 1185 1154 1270 ineis,
1170 1206 1252 1269 quae
1268 1195 1357 1255 sunt:
1380 1189 1410 1255 J.
1421 1190 1453 1253 Π
1465 1188 1541 1255 259.

523 1297 634 1387 μηκέτ’
650 1296 930 1385 ἔπειτ”Οδυσῆλν
943 1298 1027 1386 κάρη
1045 1300 1211 1385 ὤμοισιν
1225 1303 1323 1388 ἐπείη.
1353 1304 1429 1369 451.
1452 1304 1488 1370 ἐν
1503 1305 1541 1371 δέ

525 1419 646 1491 σθένος
661 1410 764 1497 ὦρσεν
779 1412 928 1500 ἑκάστῳ
951 1416 1112 1507 Καρδίῃ.
1139 1417 1215 1482 VIII
1232 1418 1305 1483 129.
1334 1418 1428 1484 δίδου
1451 1419 1489 1484 δέ
1503 1417 1541 1485 οἳ
1671 1464 1674 1468 -

524 1526 599 1617 ἢνία
612 1533 759 1616 χερσίν.
790 1530 898 1597 XVIII
915 1530 989 1596 103.
1011 1532 1172 1616 σκῆπτρον
1187 1531 1224 1596 δέ
1239 1529 1276 1596 οἱ
1291 1530 1411 1616 ἔμβαλε
1426 1538 1541 1620 χειρί.

524 1647 599 1714 375.
622 1645 755 1732 Χρυσεα
771 1646 809 1711 δέ
823 1643 886 1731 σφ’
898 1641 961 1711 ὑπὸ
977 1645 1078 1711 κύκλα
1094 1642 1216 1732 ἑκάστῳ
1232 1651 1412 1731 πυθμένι
1426 1650 1539 1735 θῆκεν.

524 1761 562 1829 0.
583 1762 647 1828 XII
668 1762 742 1829 266.
771 1764 826 1825 καί
851 1784 920 1844 μοι
947 1758 1025 1836 ἔπος
1053 1762 1170 1844 ἔμπεσε
1191 1763 1320 1850 θυμῷ.
1354 1763 1446 1832 XVII
1466 1765 1497 1830 4.
1521 1765 1540 1831 ὄ

525 1874 563 1943 οἳ
585 1874 823 1963 παλάμηφιν
846 1870 969 1963 α’ρήρει.
998 1878 1043 1942 VI
1059 1878 1134 1943 235.
1152 1870 1209 1953 Ὦς
1231 1872 1299 1964 ἄρα
1321 1878 1373 1966 τῷ
1391 1883 1540 1963 κατέχευε

523 1996 620 2080 χάριν
642 1993 796 2085 κεφαλῇ
818 2016 852 2057 τε
875 1997 929 2058 καὶ
953 1992 1085 2075 ὤμοις.
1117 1993 1229 2059 XXIII
1246 1995 1320 2059 146.
1338 2000 1482 2062 Τυλσιν
1503 1996 1540 2063 δέ
1574 2084 1576 2087 .

523 2112 605 2193 μέγα
621 2109 714 2194 σῶμα
728 2108 1000 2194 περιστεναχίζετο
1016 2112 1169 2175 ποσσίν.
1191 2108 1245 2193 (ef.
1256 2110 1454 2177 EunTroad.
1462 2111 1539 2179 635.

524 2225 566 2301 ὥς
594 2241 659 2290 σοι
680 2229 797 2313 τέρψιν
819 2224 949 2309 έμβοίλω
973 2221 1115 2312 φρενί).
1155 2223 1295 2302 Quorum
1318 2225 1350 2289 in
1373 2246 1539 2293 numerum

523 2340 723 2407 referendum
752 2360 825 2408 esse
854 2340 932 2406 illud
961 2342 1070 2407 erebro
1096 2340 1279 2425 repetitum:
1309 2339 1344 2406 riu
1368 2338 1402 2406 δ’
1417 2336 1485 2427 ἄρα
1507 2339 1540 2411 οἳ
1612 2390 1614 2404 ,

402 2531 406 2544 ¹
438 2514 440 2518 .
524 2457 572 2543 po
594 2458 677 2541 χειρί
697 2454 933 2553 defendendum
955 2454 1034 2521 mihi
1058 2460 1106 2521 est
1128 2461 1236 2521 eontra
1258 2455 1441 2541 Bekkerum
1460 2453 1539 2562 (Mo-

523 2573 660 2638 natsber.
679 2571 765 2636 1860
787 2592 818 2655 p.
838 2572 898 2636 171
918 2596 957 2626 =
974 2571 1103 2638 Homer.
1115 2571 1211 2637 Blutt.
1227 2592 1259 2657 p.
1272 2572 1335 2637 183
1347 2568 1429 2656 seq.)
1445 2573 1537 2642 alios

468 2692 471 2695 '
524 2706 586 2770 que
614 2683 713 2770 (velut
733 2682 1113 2771 Ameisium,0.11302)
1140 2685 1195 2769 qui
1217 2693 1358 2753 statuunt
1379 2692 1462 2774 χειρί
1483 2689 1537 2756 (le-

523 2803 622 2870 tivum
650 2821 736 2885 esse,
767 2801 822 2885 qui
846 2801 969 2868 dicatur
996 2802 1204 2868 instrumenti.
1248 2802 1416 2870 Bekkerus
1444 2805 1537 2872 affert

525 2917 562 2984 0.
578 2918 686 2984 XXIV
701 2917 777 2983 410.
802 2912 844 2993 ὥς
868 2914 901 2982 δ’
917 2912 1023 2995 αὔτως
1045 2918 1160 2992 παῖδες
1178 2916 1300 2983 Δολίου
1320 2915 1435 2984 κλυτὸν
1449 2917 1534 3006 ἄμφ’

521 3030 660 3119 Ὀδυσῆα
688 3030 904 3100 Δεικαυόωντ’
929 3033 1052 3099 ἐπέεσσι
1085 3038 1140 3097 καὶ
1173 3032 1209 3099 ἒν
1241 3037 1378 3118 χείρεσσι
1404 3036 1536 3122 φύοντο,

518 3126 579 3215 ubi
600 3148 753 3236 pluralem
776 3151 912 3232 χείρεσσι
934 3148 1011 3214 (linit
1026 3155 1211 3235 usurpatum
1227 3150 1329 3217 videri
1345 3150 1386 3217 de
1400 3150 1535 3218 filiorum

524 3263 611 3331 Dolii
625 3263 780 3330 manibus.
802 3262 868 3331 Sed
879 3263 952 3330 vide
967 3284 1007 3331 ne
1022 3270 1119 3349 potita
1130 3265 1247 3332 dixerit
1256 3265 1338 3333 filios
1349 3266 1436 3333 Dolii
1447 3267 1536 3333 undi-

524 3399 585 3463 que
597 3379 834 3446 circumstantes
850 3380 1066 3447 oonselutasse
1082 3401 1257 3464 manusque
1268 3385 1379 3449 umbos
1394 3383 1535 3452 tenuisse

523 3496 636 3563 Ulixis.
663 3494 703 3561 of.
717 3492 754 3561 0.
765 3495 861 3560 ΧΧΠ
871 3496 948 3561 499.
971 3500 1025 3560 καλ
1040 3493 1155 3563 κύνεον
1170 3493 1414 3581 ἀγαπαζόμεναι
1429 3523 1534 3585 κεφα-

525 3610 584 3697 λήν
603 3615 705 3675 τεκαὶ
720 3612 997 3697 οἴμουςΧείροίς
1018 3608 1049 3675 τ’
1064 3608 1286 3695 alveorum.
1315 3614 1396 3679 Nam
1413 3615 1441 3681 si
1455 3615 1534 3681 deti·

522 3746 597 3793 vum
625 3726 800 3812 sumpseris
823 3746 895 3794 esse
916 3727 1201 3810 instrumentalem,
1222 3748 1325 3811 neque
1348 3728 1385 3795 0.
1405 3729 1437 3795 X
1458 3732 1534 3797 397.

522 3840 667 3926 ἔγνωσαν
684 3839 716 3907 δ’
728 3841 784 3928 ἐμὲ
798 3853 912 3921 κείνοι,
927 3840 1011 3928 ε”φυν
1027 3837 1064 3910 δ’
1074 3844 1109 3910 ἒν
1124 3848 1232 3929 χερσὶν
1246 3846 1377 3920 ἕκαστος
1392 3844 1534 3931 habebis,

523 3964 557 4025 ut
572 3959 726 4025 defendes
742 3959 895 4044 pluralem
909 3962 1018 4044 χερσίν
1033 3956 1079 4043 (et
1093 3960 1246 4026 oollooate
1263 3966 1349 4028 esset
1364 3959 1396 4026 in
1411 3981 1449 4028 eo
1463 3961 1533 4029 loeo

522 4074 716 4159 praepositio
751 4075 968 4161 monosyllaba
1007 4076 1102 4161 tmesi
1136 4074 1294 4143 disiuncta
1329 4083 1419 4161 post
1451 4097 1533 4144 ver·

523 4188 622 4273 bum,
645 4188 729 4276 quod
751 4190 973 4263 demonstrabo
988 4192 1028 4260 ab
1043 4190 1181 4261 Homero
1195 4211 1265 4289 non
1277 4188 1415 4283 admitti)
1429 4211 1533 4282 neque
