4117 5234
1010 686 1052 749 16

523 864 565 931 ab
588 862 670 948 aliis,
686 852 822 947 'saepius
844 866 877 928 et
899 862 1077 948 pronomini
1099 850 1173 929 det
1187 849 1366 929 nominibus
1381 869 1454 949 post
1467 884 1538 949 pro

523 999 640 1045 nomen
661 978 769 1044 inlatis
783 977 936 1045 subiecit.
969 977 1008 1043 ci.
1023 977 1053 1044 J.
1070 973 1099 1060 (1
1116 977 1168 1042 11.
1190 975 1310 1042 οὕνεκα
1331 974 1390 1043 τὸν
1403 980 1537 1064 Χρύσην

523 1090 677 1181 ἠτίμασεν
688 1089 854 1180 ἀρητῆρα.)
869 1093 966 1157 1340.
977 1094 1036 1156 τοῦ
1046 1090 1200 1177 βασιλῆος
1211 1088 1362 1177 ἀπηνέος.
1376 1094 1456 1158 XIII
1462 1095 1536 1160 640.

523 1205 565 1274 τοὶ
587 1213 647 1295 μὲν
670 1204 753 1274 ἔντε’
768 1204 836 1271 α’πὸ
858 1202 952 1290 χροὸς
972 1204 1169 1290 αἳματότντα
1184 1207 1341 1291 §viduae
1368 1209 1449 1273 XXI
1461 1210 1536 1275 317.

523 1322 564 1389 το
585 1324 700 1407 aaa
722 1320 817 1387 aava.
846 1318 1031 1388 omaus.
1055 1317 1073 1386 s
1093 1302 1367 1406 μσχνοςτνανος.
1395 1324 1472 1391 465.
1495 1320 1535 1389 α

523 1440 610 1525 μῆλα
639 1432 842 1514 ταναύποδα,
874 1440 973 1502 πίονα
1003 1437 1104 1525 δημῷ.
1147 1437 1196 1503 XI
1219 1438 1295 1505 492.
1331 1441 1390 1506 τοῦ
1420 1438 1537 1515 παιδὸς

396 1630 398 1636 Ι
523 1552 661 1636 οἷνανοῦ.
696 1553 788 1619 XVII
805 1553 855 1617 10.
879 1549 936 1617 τὸν
960 1556 1066 1631 ξεῖνον
1090 1552 1255 1640 δύστηνον.
1279 1551 1337 1638 (of.
1359 1556 1389 1621 J.
1404 1554 1537 1640 dem,

523 1669 685 1737 Deutsche
707 1668 908 1733 Grammatik
929 1669 974 1733 IV
994 1689 1025 1753 p.
1042 1669 1118 1735 529.
1137 1669 1213 1735 533.
1228 1668 1319 1752 539.)
1363 1671 1442 1737 llius
1465 1670 1535 1755 loci,

524 1784 579 1867 qui
601 1790 664 1850 est:
686 1783 838 1850 J.v554.
861 1789 918 1848 otor
942 1784 1022 1863 vcors
1045 1783 1153 1849 λέοντε
1173 1784 1240 1850 δύω
1257 1785 1347 1870 ὄρεος
1361 1787 1537 1877 κορυφῇσιν

519 1898 713 1987 Ἐτραφέτρν
734 1893 798 1974 ὑπὸ
821 1903 917 1985 μητρί
937 1906 1072 1985 apparet
1087 1900 1280 1985 singularem
1296 1921 1368 1969 esse
1383 1902 1536 1968 rationem

525 2036 629 2100 quam,
652 2015 681 2081 si
702 2015 796 2081 lectio
810 2036 886 2081 vera
908 2015 1057 2081 habenda
1079 2023 1138 2098 est,
1161 2017 1209 2083 sic
1226 2018 1449 2104 explicandam
1464 2000 1550 2084 ess'e'

523 2137 609 2216 puto,
631 2137 667 2197 ut
686 2129 763 2197 illud
780 2130 847 2195 δύο
863 2129 1000 2197 iudicem
1015 2131 1192 2216 praedicati
1207 2132 1276 2199 loco
1291 2153 1379 2200 esse:
1402 2133 1436 2199 id
1452 2132 1537 2216 quod

524 2247 671 2313 convenit
699 2247 729 2313 ei
755 2246 838 2331 loco,
865 2266 928 2328 quo
952 2249 1145 2332 comparatio
1168 2248 1300 2315 infertur
1323 2255 1472 2334 spectans
1494 2247 1537 2315 ad
1562 2288 1564 2292 -

524 2361 638 2429 fratres
660 2362 804 2445 geminos
827 2364 958 2428 occisos.
1052 2446 1055 2452 .

591 2468 703 2544 Restat
735 2483 771 2543 ut
804 2477 884 2544 duas
912 2499 963 2545 res
992 2498 1273 2545 commemoremus
1301 2478 1343 2544 ad
1371 2480 1536 2545 verborum

525 2593 760 2661 collocationem
784 2592 986 2677 pertinentes,
999 2590 1043 2658 'in
1067 2594 1181 2676 quibus
1202 2614 1375 2678 pronomen
1391 2592 1417 2676 ὃ,
1440 2613 1536 2676 quum

525 2710 568 2777 ad
590 2709 714 2775 articuli
736 2716 880 2775 naturam
903 2708 1045 2793 accedat,
1068 2708 1227 2794 discrepet
1248 2711 1289 2775 ab
1306 2729 1366 2774 usu
1381 2708 1537 2793 pronomi·
1602 2749 1613 2767 .

525 2826 576 2892 nis
600 2820 888 2891 &demonstrativi
917 2824 1057 2889 Primum
1081 2845 1152 2890 eam
1172 2844 1248 2907 rem,
1271 2824 1355 2906 quod
1370 2823 1536 2908 genetivus

525 2941 720 3026 pronominis
731 2935 758 3025 ὃ,
769 2940 798 3006 si
809 2939 956 3006 cohaeret
968 2959 1038 3005 cum
1050 2938 1176 3005 nomine
1187 2939 1331 3024 proxime
1341 2939 1536 3022 insequente,

526 3044 663 3142 saepius
679 3063 752 3141 post
774 3045 1003 3122 substantivum
1027 3053 1070 3139 id,
1090 3054 1136 3143 ad
1156 3054 1239 3137 quod
1255 3055 1392 3139 pertinet
1406 3061 1536 3136 uterque

526 3172 700 3256 genetivus,
721 3171 848 3256 ponitur
862 3166 915 3254 (cf.
930 3170 959 3235 J.
971 3169 1018 3234 XI
1031 3170 1106 3235 322.
1129 3166 1368 3253 θεράποντα
1385 3167 1537 3235 Μολίονα
1568 3233 1571 3238 .

526 3296 609 3352 voto
638 3286 819 3360 ἄνακτος.
858 3284 895 3351 Ο.
910 3285 1045 3350 111388.
1074 3280 1207 3367 δώματα
1228 3321 1272 3332 -
1294 3295 1362 3350 τοῖο
1385 3280 1535 3360 ἄνακτος.

526 3402 606 3467 XXI
622 3402 696 3468 258.
725 3397 816 3486 ἑορτὴ
838 3410 906 3465 roto
929 3395 1044 3483 dtcvo)
1069 3419 1164 3482 quum
1193 3400 1387 3485 pronominis
1410 3398 1537 3464 demon·

527 3517 650 3584 strativi
672 3518 837 3600 genetivus
860 3534 1033 3597 numquam
1055 3536 1118 3580 non
1141 3516 1181 3581 ab
1198 3516 1335 3582 Homero
1357 3513 1537 3599 praemitta-

525 3640 577 3699 tur
588 3632 793 3714 substautivo‚
805 3630 848 3696 ad
859 3620 944 3713 quod
956 3630 1120 3714 genetivus
1133 3627 1276 3715 pertinet.
1295 3629 1333 3695 cf.
1345 3628 1468 3713 caplll
1483 3626 1544 3727 ξ2Ι

526 3748 652 3815 Deinde
675 3767 760 3829 eam,
784 3745 868 3828 quod
891 3766 1063 3830 pronomen
1083 3744 1101 3811 ὁ
1125 3746 1296 3811 cohaerens
1317 3765 1388 3810 cum
1411 3742 1537 3807 nomine

527 3884 598 3947 nou,
622 3863 703 3929 siout
724 3861 1004 3927 demonstrativum
1029 3857 1082 3944 (of.
1098 3862 1155 3925 c.I
1178 3861 1198 3937 ξ
1216 3858 1270 3942 13)
1294 3879 1420 3942 semper
1442 3876 1537 3939 quam

527 3979 670 4063 proxime
691 3976 855 4043 subiicitur
874 3974 1023 4041 adverbio
1045 3968 1098 4048 οἷς.
1126 3974 1166 4056 ci.
1181 3974 1269 4039 J.IX
1281 3972 1450 4038 259=xl
1463 3971 1537 4035 790.

522 4088 578 4167 Ὦς
593 4085 737 4157 ἐπέτελλ’
751 4087 769 4155 ὃ
783 4093 917 4175 γέρων.
946 4089 983 4155 Ο.
992 4090 1069 4155 VIII
1083 4089 1159 4154 570.
1176 4082 1230 4164 Ὧς
1245 4084 1379 4172 c’yo‘psu'
1393 4082 1411 4151 ὁ
1426 4089 1537 4169 γέρων.
