4117 5234
1051 676 1092 741 12

568 853 613 921 ad
640 863 679 921 se'
689 852 879 940 'pertinente
901 850 1084 936 cohaerere,
1112 857 1247 937 apparet
1267 872 1309 919 cx
1329 850 1391 917 hoc
1412 849 1579 936 Odysseae

569 988 678 1037 versu:
700 969 782 1035 XXI
792 968 868 1036 425.
883 967 1029 1052 Ἥμονος,
1052 953 1134 1034 odd&
1149 991 1180 1031 τι
1194 968 1251 1033 τοῦ
1264 962 1270 1049 Ι
1284 966 1406 1031 σκοποῦ
1419 966 1580 1051 ἤμβροτον

568 1081 648 1151 odda
673 1108 705 1148 τι
732 1081 838 1163 τόξον,
867 1084 900 1149 in
927 1103 990 1166 quo
1019 1103 1153 1152 caesura
1180 1084 1283 1150 abeo
1306 1082 1497 1149 disiunctum
1520 1089 1579 1149 est

567 1200 680 1283 ltaque
701 1206 947 1269 consentaneum
970 1205 1024 1265 est·
1042 1219 1106 1265 uon
1127 1198 1222 1265 modo
1244 1197 1417 1284 particulas
1439 1197 1516 1282 poni
1536 1198 1578 1266 ab

427 1368 434 1378 .
567 1315 706 1383 Homero
735 1314 817 1381 inter
843 1334 1016 1400 pronomen
1044 1308 1063 1381 ὅ
1089 1320 1122 1380 et
1143 1334 1259 1380 nomen
1280 1313 1424 1398 proxime
1446 1333 1517 1379 cum
1539 1333 1578 1380 eo

569 1431 777 1512 coniunctum,
801 1427 855 1512 (of.
871 1430 901 1495 J.
915 1430 948 1494 Π
966 1429 1039 1495 105.
1062 1425 1168 1513 adacio
1190 1424 1208 1494 5
1232 1424 1309 1495 αὖτε
1323 1428 1445 1515 Πέλοψ
1468 1429 1579 1495 δῶκεν.

570 1546 644 1613 136.
667 1543 703 1610 αἱ
725 1544 762 1609 δέ
783 1566 848 1611 πον
870 1540 1019 1632 ήμέτεραί
1040 1541 1072 1609 τ’
1089 1544 1213 1625 ἄλοχοι.
1245 1544 1383 1609 1Π138.
1407 1545 1461 1633 Τῷ
1484 1543 1580 1609 δίκε

566 1662 731 1746 νικήσαντι
753 1658 833 1744 φίλη
855 1658 989 1750 κεκλήσῃ
1011 1655 1140 1735 ἄκοιτις.
1167 1659 1248 1724 XIII
1263 1659 1338 1724 279.
1360 1660 1418 1725 τοῦ
1439 1662 1500 1744 μὲν
1516 1659 1578 1744 γάρ

564 1800 602 1843 τε
622 1775 722 1841 κακοῦ
741 1776 891 1858 τρέπεται
906 1775 991 1859 χρώς
1005 1770 1095 1860 (284.
1109 1775 1168 1839 τοῦ
1184 1771 1219 1839 δ’
1231 1770 1378 1857 dracoi)
1394 1775 1491 1841 XXII
1500 1776 1578 1844 405.

566 1889 648 1977 ήόό
670 1912 711 1955 νο
731 1887 834 1975 μήτηρ
856 1888 944 1954 τίλλε
965 1890 1077 1975 κόμην.
1105 1890 1217 1955 XXIII
1232 1891 1308 1956 656.
1330 1892 1375 1980 τῷ
1398 1889 1432 1957 d'
1447 1891 1512 1974 ἄρα
1529 1915 1579 1957 νι·

567 2009 702 2093 κηθίντι
723 2009 810 2070 τίθει
832 2003 943 2081 δέπας.
979 2004 1016 2072 Ο.
1031 2005 1092 2072 XV
1106 2006 1182 2072 477.
1206 1998 1283 2072 ἄλλ’
1298 2006 1350 2072 ὅτε
1374 2004 1414 2093 δή
1437 2006 1579 2091 ἕβδομον

567 2118 653 2208 ήμαρ
677 2121 730 2186 dni
751 2117 832 2197 Ζεὺς
854 2121 938 2207 dipsa
960 2124 1112 2205 Κρονίων,
1137 2118 1203 2208 Τήν
1224 2127 1284 2206 μὲν
1307 2120 1417 2188 ἔπειτα
1439 2133 1578 2203 γυναῖκα

566 2235 642 2321 μόλ’
656 2232 818 2323 Ἄρτεμις)
838 2236 896 2303 sed
911 2237 1007 2304 etiam
1025 2239 1213 2323 pronomina
1227 2238 1374 2305 enclitica
1388 2237 1578 2323 personalia.

431 2376 444 2397 ⁴·
568 2350 620 2434 (cf.
646 2352 676 2419 J.
696 2352 776 2417 XIII
798 2354 884 2419 616.»
901 2351 945 2454 σὼ
974 2353 1011 2418 di
1039 2350 1071 2419 oi
1098 2353 1172 2417 ὄσσε
1198 2391 1243 2401 -
1269 2357 1368 2419 πόσον
1390 2353 1426 2419 ἐν
1447 2356 1578 2444 κονίῃσι.

478 2485 483 2504 “
567 2467 643 2535 559.
676 2461 734 2531 τόν
767 2466 805 2531 dd
838 2484 916 2553 σφιν
949 2467 1065 2533 ἄνακτ’
1088 2464 1220 2551 arania
1247 2468 1409 2555 Διομήδης
1433 2463 1578 2551 Ἐκτανε)

567 2583 691 2649 Tamen
719 2581 872 2650 diffemnt·
896 2583 937 2649 ab
959 2603 1019 2649 usu
1041 2583 1185 2668 Homeri,
1215 2585 1270 2668 qui
1292 2592 1324 2651 et
1345 2584 1487 2650 datiuum
1509 2602 1578 2668 pro

477 2746 480 2751 -
501 2722 503 2725 ⁴
567 2699 728 2765 nominum
752 2698 964 2766 encliticorum
988 2705 1055 2765 tum
1070 2699 1207 2784 demum,
1230 2700 1259 2767 si
1275 2700 1307 2767 ei
1320 2699 1475 2785 particula
1488 2718 1579 2783 prae·

568 2814 662 2899 cedit,
684 2833 787 2897 neque
809 2814 1024 2881 accusativum
1047 2834 1196 2898 umquam
1219 2815 1300 2883 inter
1322 2832 1493 2899 pronomen
1513 2807 1578 2880 det

567 2950 683 3000 nomen
705 2928 849 3016 proxime
868 2930 1038 3013 insequens
1054 2930 1152 3014 ponii,
1172 2930 1253 2997 haec
1265 2929 1448 3015 posterioris
1463 2929 1577 2997 aetatis

569 3047 755 3132 scriptorum
783 3045 944 3130 exempla:
973 3044 1091 3111 Herod.
1119 3043 1277 3129 (Krueger
1304 3044 1356 3111 Di.
1380 3040 1470 3128 ἕζ47,
1490 3045 1521 3127 9,
1542 3040 1576 3126 8)

567 3162 616 3227 ΠΙ
626 3161 698 3227 153.
712 3161 775 3226 τῶν
791 3157 823 3225 οἱ
839 3156 1020 3247 σιτοφόρων
1036 3155 1178 3244 ἡμιόνων
1188 3164 1246 3246 μία
1258 3159 1374 3226 ἔτεκεν.
1394 3159 1577 3226 Gallimaoh.

569 3275 703 3362 (Naeke,
719 3275 835 3361 Opusc.
846 3276 879 3341 II
891 3297 922 3360 p.
932 3273 987 3359 71)
1002 3276 1112 3361 Epigr.
1124 3276 1177 3361 58,
1189 3278 1217 3342 1.
1234 3281 1287 3362 Τῶ
1301 3278 1522 3360 μεΚανωαίτα
1533 3312 1577 3321 -

568 3392 690 3477 λύχνον
718 3390 819 3478 ἔθηκε
846 3391 926 3480 θεῷ.
963 3391 1091 3476 Fragm.
1109 3393 1182 3458 191.
1209 3391 1267 3458 τόν
1287 3415 1328 3476 με
1350 3390 1578 3477 παλαιστρίτην

568 3503 691 3593 όμόσας
714 3544 757 3569 -,
780 3504 937 3595 φιλήσειν.
976 3507 1096 3573 Mosch.
1116 3507 1208 3573 Id.V
1229 3508 1260 3573 3.
1288 3511 1402 3572 modias
1430 3507 1467 3572 δὲ
1492 3500 1577 3575 πολι)

568 3624 669 3703 πλέον
689 3624 711 3687 ό
730 3649 770 3708 με
790 3619 929 3704 γαλόνα.
944 3660 988 3671 -
1003 3622 1121 3689 Herod.
1136 3620 1344 3710 (Bernhardy,
1359 3625 1448 3710 Synt.
1458 3618 1577 3708 p.314)

569 3740 680 3806 1115.
709 3735 741 3805 ui
768 3740 829 3825 γάρ
857 3763 898 3823 με
925 3739 959 3804 ἐκ
986 3740 1041 3825 τῆς
1071 3739 1177 3824 κόμης
1203 3740 1318 3814 παῒόες
1339 3774 1382 3786 -
1405 3736 1578 3825 ἐστήσαντο

569 3854 714 3939 βασιλέα.
742 3856 838 3921 746.
867 3852 899 3919 οἳ
926 3854 987 3939 γάρ
1010 3878 1067 3938 μιν
1090 3854 1353 3920 Σελινούσιοι-
1376 3850 1579 3920 α’πέκτειναν.
1625 3841 1629 3846 ⁴

569 3971 712 4054 Theogn.
726 3967 884 4055 (Krueger
895 3971 979 4050 Di.·§
991 3971 1044 4054 50,
1057 3972 1087 4054 3,
1100 3968 1145 4054 3.)
1165 3969 1239 4036 575.
1252 3976 1285 4035 οῖ
1297 3993 1337 4054 με
1356 3969 1447 4053 φίλοι
1461 3969 1578 4052 apoda-

571 4086 692 4153 όοόσιν.
725 4086 795 4154 Nisi
817 4087 1055 4172 pronominibus
1070 4088 1121 4153 vel
1143 4085 1305 4171 particulis
1328 4105 1501 4170 pronomen
1523 4080 1579 4152 da

569 4202 697 4291 nomine
719 4223 781 4270 non
804 4203 905 4270 solere
927 4202 1052 4287 seiungi
1075 4202 1108 4268 iu
1130 4200 1321 4268 carminibus
1340 4200 1527 4286 Homericis,
1550 4200 1579 4269 si
