4117 5234
1038 676 1082 749 tr

977 768 1136 781 *n*

552 871 647 933 eunte
675 863 815 949 ineipere
838 860 950 929 solent.
996 860 1078 932 Nam
1102 856 1279 935 ooniunetio
1302 854 1383 945 ἦμος
1405 858 1508 945 'semel'
1522 860 1568 927 'sb

552 982 623 1067 ipso
645 998 757 1047 versus
785 975 875 1043 initio
905 981 1061 1043 remotum
1088 976 1242 1059 reperitur
1269 975 1303 1041 in
1330 974 1382 1041 his
1407 976 1568 1054 remittet,

467 1163 469 1166 ,
552 1096 590 1162 ο.
605 1095 670 1160 xri
683 1094 750 1160 ms
767 1111 833 1174 seq.
858 1091 1039 1178 ειεομινῳ
1064 1090 1101 1156 οι
1121 1115 1177 1175 με.
1199 1079 1309 1177 μνον
1331 1087 1394 1175 (ιε’.
1411 1069 1567 1177 nomon
1670 1105 1673 1110 ·

541 1193 642 1298 ’030³’
667 1206 763 1295 ἦμος
787 1204 821 1272 δ’
836 1206 889 1284 dui
912 1206 1036 1290 δόρπον
1058 1204 1139 1292 ἀνὴρ
1163 1204 1330 1294 ἀγορῆθεν
1352 1203 1468 1293 deses,
1490 1209 1568 1293 Κρί-

551 1349 619 1393 νων
639 1329 751 1400 νελκεα
774 1318 941 1388 πολλοί-
960 1323 1066 1408 Τῆμος
1089 1319 1130 1408 δὴ
1153 1321 1232 1402 τάγε
1255 1322 1359 1409 δοῦρα
1380 1321 1569 1407 Χαρύβδιος

553 1438 749 1526 ἐξεφαάνθη
773 1434 826 1523 (ef.
842 1436 952 1504 Ameis
967 1436 1011 1503 ed
1025 1437 1064 1504 ·h.
1081 1436 1204 1524 l.·App.¹
1215 1445 1247 1505 et
1262 1437 1300 1505 Ο.
1315 1438 1347 1503 II
1365 1433 1407 1522 1).
1441 1439 1480 1503 In
1502 1438 1569 1521 qui
1616 1474 1618 1476 ·
1635 1413 1645 1431 ⁴

438 1584 441 1588 ’
552 1551 612 1624 bus
635 1574 827 1639 quamquem
850 1547 979 1638 praesto
1002 1561 1051 1620 est
1073 1552 1208 1620 Ameisii
1230 1553 1422 1637 oonieetnm,
1449 1553 1570 1621 enine

552 1672 747 1740 stituendum
770 1666 910 1738 videtur:
926 1666 1026 1754 Ἦμος
1049 1666 1082 1733 ‹i'
1104 1666 1174 1758 ὄψ’,
1200 1675 1307 1736 temen
1320 1669 1569 1755 ¹pntoe'nimr'rm

552 1784 765 1854 revoeandnm
793 1804 867 1852 esse
894 1804 914 1850 a
941 1784 1143 1868 oonieeturis,
1173 1784 1442 1868 quieverendum
1465 1790 1569 1853 estet

553 1902 677 1976 sonisto
706 1900 810 1967 Sehol.
839 1921 869 1966 v.
889 1899 966 1964 439.
1000 1898 1060 1983 „dv
1093 1897 1227 1976 πολλοῖς
1261 1897 1505 1987 domnis-‘ionas
1537 1896 1571 1966 oi

554 2019 656 2098 πλχοι
667 2015 723 2081 διὰ
734 2012 771 2081 τὸ
779 2020 881 2101 ‚mesic
891 2018 951 2100 μὲν
959 2014 1021 2098 γάρ
1034 2012 1064 2080 τ’
1074 2012 1200 2100 ολνλησιν
1210 2011 1266 2079 ἐπ’
1277 2011 1407 2101 ἥμαοι““
1419 2011 1568 2101 (v.105)“

552 2152 594 2198 ne
610 2132 814 2216 oordgnmm,
826 2130 911 2214 quod
927 2136 1036 2198 eontra
1049 2150 1142 2196 usum
1156 2132 1359 2199 Homericum
1375 2132 1446 2217 ipse
1460 2140 1570 2200 suetor

554 2246 721 2314 admiserit
749 2244 809 2332 (ef.
829 2247 1001 2317 Hoffmann
1031 2252 1166 2329 quaesto.
1188 2247 1281 2313 Hom.
1301 2248 1316 2312 1
1343 2268 1374 2333 p.
1391 2248 1443 2314 72.
1477 2248 1569 2333 „Irno

553 2363 657 2432 fateor
671 2362 750 2428 mihi
771 2362 856 2429 hune
871 2362 1039 2449 Odysseae
1059 2362 1173 2430 librum
1197 2359 1289 2448 (XII)
1310 2382 1383 2431 esse
1397 2362 1570 2430 admodum

454 2491 456 2495 ‘
555 2485 753 2565 suspeetnm,
782 2476 901 2562 quippe
928 2479 983 2561 qui
1005 2485 1062 2545 eut
1083 2479 1190 2545 multis
1213 2478 1505 2563 interpolationibus
1527 2478 1570 2546 sit

555 2602 694 2663 mutatus
723 2601 778 2661 eut
811 2592 984 2660 recentiore
1018 2592 1146 2659 demum
1173 2598 1278 2659 aetate
1307 2588 1509 2677 oonieetus“)
1537 2600 1570 2659 et

556 2710 680 2777 oonlato
702 2710 732 2777 J.
753 2710 862 2776 XXIV
880 2708 956 2775 406.
986 2708 1028 2773 Εἰ
1048 2712 1108 2792 μὲν
1130 2704 1169 2793 δι)
1192 2706 1352 2792 θεράπων
1374 2706 1568 2793 Πηληϊάδεω

552 2823 701 2913 ’Λχιλῆος
717 2820 730 2913 V
749 2828 822 2902 Εἲς,
844 2821 905 2906 άχε
928 2824 968 2910 δή
990 2846 1104 2908 μοι-
1119 2818 1308 2901 κατάλεξον,
1328 2840 1424 2904 quem
1442 2839 1569 2889 vorsum

487 2961 491 2969 ·
555 2942 701 3010 similiter
729 2941 912 3025 diserepare
945 2939 986 3004 ab
1014 2957 1074 3004 usu
1102 2937 1271 3003 Homerioo
1304 2936 1387 3003 infra
1414 2937 1568 3023 attingam

555 3080 588 3143 p.
604 3059 657 3123 61.
691 3057 734 3122 Et
755 3075 851 3138 quam
873 3054 907 3119 in
928 3052 989 3119 hoe
1003 3052 1115 3119 Iliadis
1130 3054 1198 3119 loeo
1214 3052 1450 3120 exeusationem
1465 3054 1570 3120 looum

555 3173 674 3239 habere
697 3177 783 3256 puto,
806 3169 928 3253 eadem,
950 3168 984 3234 ni
1000 3167 1101 3252 fallor,
1124 3167 1166 3234 ad
1182 3168 1268 3235 illum
1285 3168 1451 3254 Odysseae
1465 3169 1571 3236 loeum

463 3282 465 3287 ’
557 3287 702 3373 pertinet.
736 3285 928 3351 Demovetur
950 3284 1034 3351 enim
1058 3284 1135 3350 illud
1158 3278 1239 3368 ἦμος
1260 3305 1405 3353 aversus
1425 3285 1569 3371 prineipe

556 3403 626 3469 loeo
655 3406 690 3467 ut
711 3401 841 3468 obstans
870 3401 914 3485 ei,
944 3399 994 3467 eui
1021 3399 1170 3484 prinoeps
1192 3400 1280 3468 loeus
1307 3420 1371 3467 non
1392 3400 1497 3467 minus
1520 3407 1570 3467 est

558 3517 758 3583 conveniens.
788 3515 966 3594 Quaerere
988 3516 1041 3582 lex
1063 3520 1198 3600 apparet
1219 3515 1252 3583 in
1266 3535 1327 3583 usu
1342 3516 1570 3584 oonIunotionis

559 3629 653 3718 ἦμος,
676 3631 789 3699 eadem
804 3633 889 3700 velet
910 3632 943 3698 in
965 3631 1029 3699 his:
1052 3617 1121 3698 J.V
1138 3631 1211 3698 7702
1228 3630 1343 3699 Ὀσσον
1362 3627 1398 3698 ‹i'
1413 3630 1570 3719 ἠεροειδὲς
1626 3684 1628 3687 ,

559 3744 642 3833 άνῆρ
671 3747 741 3813 ἴδεν
769 3741 995 3834 ὀφθαλμοῖσιν
1015 3746 1153 3830 Ἥμονος
1180 3746 1216 3813 ἒν
1243 3748 1422 3839 σκοπιῇ-
1445 3742 1570 3812 Τόσσον

560 3862 614 3929 ἔπι
635 3860 823 3949 θράσκονσι
844 3864 936 3928 θεῶν
957 3858 1098 3949 ὒψηχέες
1120 3868 1223 3928 ἵπποι.
1263 3862 1339 3929 XIV
1362 3863 1434 3928 148.
1455 3858 1570 3928 Ὀσσον
1695 3873 1699 3879 “

560 3976 595 4044 δ’
615 3977 793 4059 ἐννεάχιλοι
821 3977 956 4060 ἐπίαχον
978 3981 998 4064 ἢ
1025 3977 1187 4058 δεκάχιλοι
1212 3974 1340 4063 Ἀνέρις
1361 3985 1420 4044 oet.
1457 3976 1570 4042 XXIII

559 4094 636 4159 431.
648 4094 723 4159 517.
736 4094 810 4160 845.
832 4094 940 4159 XXIV
952 4096 1026 4159 317.
1039 4094 1115 4159 544.
1138 4091 1296 4160 (11249.
1317 4093 1393 4159 VIII
1405 4093 1478 4159 124.
1504 4093 1570 4161 sed

560 4208 712 4295 epodosis
735 4208 831 4276 otiam
854 4216 886 4278 et
908 4209 1160 4296 eomparationes
1183 4216 1216 4276 ot
1237 4229 1308 4293 ees,
1337 4229 1419 4293 quse
1440 4229 1499 4297 per
1520 4230 1569 4293 es,
