4117 5234
884 1502 1186 1621 INDEX.

979 1739 1088 1754 ἡ

711 1913 715 1920 ·
752 1909 852 1968 ann
874 1905 1031 1969 merrus
1055 1904 1320 1968 omnunrrors.
1432 1865 1434 1869 ’

545 2072 572 2127 1.
599 2070 641 2126 De
658 2068 748 2141 figura
764 2070 828 2124 καθ’
844 2068 907 2125 ὅλον
924 2066 1054 2124 καὶκατὰ
1070 2071 1160 2141 μέρος.
1187 2081 1214 2135 p.
1228 2064 1317 2120 1-4.

544 2169 571 2225 2.
597 2168 640 2224 De
657 2167 759 2223 dativis
777 2165 936 2236 duplicibus
952 2166 989 2222 sd
1000 2164 1210 2221 similitudinem
1221 2160 1327 2233 figurae
1341 2160 1406 2216 καθ’
1419 2160 1483 2215 ὅλον
1494 2159 1541 2215 καὶ

596 2264 662 2320 κατὰ
678 2269 760 2337 μέρος
777 2263 940 2320 ooniunotis.
968 2279 997 2333 p.
1009 2263 1098 2318 4-8.

545 2364 570 2419 3.
598 2362 642 2420 De
664 2361 820 2418 ooniunetis
837 2360 994 2417 nominibus
1012 2360 1049 2417 ad
1066 2375 1155 2432 genus
1172 2362 1202 2416 et
1218 2356 1340 2429 speeiem
1357 2356 1398 2413 rei
1415 2353 1540 2415 eiusdem

597 2458 808 2530 pertinentibus.
835 2475 863 2529 p.
876 2460 982 2515 8-11.
1306 2458 1309 2463 '

543 2557 571 2613 4.
597 2557 641 2612 De
657 2555 747 2627 figura
764 2555 934 2612 Alemanioa.
961 2572 989 2626 p.
1004 2555 1048 2611 11.

544 2655 571 2711 5.
597 2654 641 2709 De
658 2654 821 2723 pronomine
838 2654 861 2709 ὅ.
887 2669 915 2723 p.
928 2654 1053 2709 11-16.

544 2752 571 2807 6.
598 2752 641 2807 De
658 2751 867 2821 pronominibus
884 2750 1077 2821 personalibus
1094 2747 1241 2806 enulitieis.
1267 2763 1294 2818 p.
1309 2748 1434 2804 17-18.

545 2850 571 2905 7.
597 2849 640 2905 De
657 2849 918 2919 praepositionibus.
945 2865 973 2919 p.
989 2848 1114 2904 19-29.

544 2947 570 3003 8.
597 2946 640 3002 De
663 2946 806 3016 partientis
827 2951 852 3003 τὲ
872 2976 906 2988 -
926 2952 951 3003 τέ
974 2946 1034 3003 sive
1056 2948 1081 3001 τέ
1099 2973 1133 2986 -
1154 2947 1201 2999 και·
1222 2942 1276 2999 sibi
1297 2942 1539 3014 respondentibus.

596 3044 761 3113 pffl-ffl

544 3141 571 3196 9.
597 3141 640 3196 De
657 3140 794 3210 partionis
810 3145 857 3195 καί
873 3140 892 3195 i.
905 3155 933 3210 q.
951 3140 1036 3205 etiam
1054 3136 1237 3208 significante.
1264 3153 1291 3207 p.
1305 3138 1432 3194 33-34.

527 3237 571 3293 10.
598 3237 640 3294 De
658 3238 803 3308 particulis
821 3238 856 3294 ἄν
873 3241 902 3293 et
918 3240 972 3292 κέν.
999 3252 1028 3306 p.
1040 3235 1165 3291 34-35.

526 3334 570 3390 11.
596 3334 640 3390 De
657 3336 801 3403 particulis
819 3334 889 3401 ὥστε,
908 3335 972 3400 ἠΰτε,
991 3334 1029 3395 οἱς
1045 3332 1248 3403 eomparativis.
1274 3347 1303 3401 p.
1315 3331 1441 3388 35-39.

527 3431 571 3487 12.
597 3431 640 3487 De
652 3432 740 3501 prima
748 3433 815 3488 sede
826 3432 943 3502 protasis
955 3436 984 3488 et
992 3430 1122 3502 apodosis
1131 3428 1375 3499 comparationum.
1387 3445 1416 3499 p.
1422 3430 1537 3487 39-40.

526 3530 570 3587 13.
597 3530 657 3596 Quo
680 3531 761 3587 modo
778 3529 914 3586 voeabula
930 3528 1148 3585 demonstrativa
1164 3527 1193 3581 in
1211 3526 1357 3583 sententiis
1374 3543 1425 3597 per
1441 3528 1538 3585 adver·

596 3627 672 3684 bium
691 3622 727 3689 ὥς
743 3627 864 3683 induatis
882 3626 1012 3683 oollooari
1029 3625 1145 3681 soleant.
1172 3640 1200 3694 p.
1214 3624 1342 3680 40-41.

526 3725 569 3780 14.
595 3726 638 3781 De
657 3726 745 3795 prima
763 3725 829 3781 sede
847 3725 977 3794 apodesis
995 3722 1193 3780 sententiarum
1212 3722 1397 3778 relativarum.
1424 3738 1451 3792 p.
1464 3722 1510 3779 41.

525 3821 569 3877 15.
595 3824 638 3878 De
655 3821 875 3893 appositionibus
893 3821 995 3878 additis
1012 3820 1158 3877 sententiis
1175 3820 1307 3876 relativis
1334 3835 1361 3889 p.
1375 3820 1501 3876 41-42.

525 3919 569 3975 16.
595 3919 738 3985 Quomodo
760 3920 914 3976 naturalem
937 3920 1075 3991 quendam
1092 3917 1240 3975 verborum
1263 3917 1387 3973 ordinem
1408 3917 1538 3975 observet

594 4016 740 4072 Homerus.
766 4032 794 4085 p.
807 4016 932 4073 42-44.

524 4112 568 4168 17.
594 4113 637 4168 De
654 4113 851 4183 particularum
869 4116 949 4181 ἀλλά,
968 4112 998 4183 ἦ,
1016 4109 1032 4184 ἦ
1049 4135 1100 4181 τοι,
1118 4117 1154 4181 δέ,
1172 4115 1227 4189 γάρ
1245 4113 1275 4169 in
1293 4111 1443 4180 enuntiatis
1460 4113 1536 4171 sedo.

594 4209 759 4284 p½-w
