4117 5234
1018 690 1062 755 63

702 955 733 1024 3.
766 956 819 1022 Πτ
840 906 945 1021 versos
966 955 1139 1021 hexametri
1155 924 1261 1043 primo
1280 956 1372 1043 pede.

598 1094 701 1174 Quum
723 1117 764 1163 ex
785 1095 841 1179 eis,
865 1116 947 1179 quae
963 1095 1196 1181 disputavimus
1211 1095 1252 1163 de
1267 1116 1361 1164 versu
1376 1096 1544 1166 Homerios

529 1217 674 1278 naturam
697 1211 830 1279 membri
852 1211 1006 1278 orationis
1026 1231 1105 1297 prae
1127 1233 1163 1280 se
1185 1211 1315 1297 ferente,
1331 1219 1408 1278 tum
1430 1234 1471 1279 ex
1492 1212 1544 1281 bis

528 1326 602 1393 aliis
623 1328 719 1394 rebus
742 1333 876 1412 apparet
897 1327 1051 1394 voeabula
1073 1326 1107 1392 in
1123 1348 1235 1395 uersus
1257 1328 1361 1414 prima
1384 1328 1461 1399 sede
1484 1330 1544 1404 ool·

527 1443 633 1509 looata
661 1441 758 1509 simili
780 1442 813 1508 vi
840 1441 887 1508 uti
914 1448 1010 1525 atque
1033 1441 1187 1509 oollooata
1209 1442 1242 1507 in
1265 1443 1419 1509 enuntiati
1440 1444 1544 1530 prima

517 1557 616 1626 sede.
648 1557 789 1623 Primum
812 1578 853 1624 ox
875 1556 926 1635 his
949 1556 1073 1623 duobus
1089 1556 1168 1623 loois
1184 1557 1262 1624 satis
1278 1558 1543 1642 memorabilibus,

528 1674 643 1757 quibus
666 1673 787 1740 similes
810 1692 873 1738 non
895 1678 1030 1757 possunt
1052 1672 1131 1739 addi
1153 1693 1193 1760 ex
1216 1672 1407 1741 Homericis:
1435 1674 1465 1740 J.
1480 1673 1541 1738 XV

441 1779 446 1786 Δ
528 1788 604 1855 344.
626 1783 641 1876 Η
665 1792 809 1875 Ταφρῷ
831 1792 886 1852 καὶ
909 1787 1120 1854 σκολόπεσσιν
1141 1785 1370 1872 ἐνιπλήξαντες
1392 1784 1542 1879 ὀρυκτῇ.

527 1901 565 1970 Ο.
585 1902 694 1981 XXIV
709 1904 783 1969 236.
806 1897 820 1989 ΙΙ
843 1903 991 1969 Κύσσαι
1019 1907 1074 1967 καὶ
1102 1904 1278 1988 περιφῦναι
1306 1898 1542 1989 ἑδνπατέρῖ

527 2017 568 2085 of.
583 2019 716 2087 Thebon.
730 2019 840 2104 Epigr.
858 2020 908 2103 19,
926 2020 955 2084 1.
974 2014 1166 2104 Ἀρχίλοχον
1185 2022 1240 2082 καὶ
1259 2021 1359 2083 στᾶθι
1373 2023 1428 2083 καὶ
1443 2018 1542 2084 εἴσιδε

526 2130 585 2200 τὸν
611 2134 713 2200 παλαι
740 2135 886 2221 ποιητάν.
930 2135 970 2200 In-
995 2133 1046 2200 his
1064 2134 1161 2200 enim
1189 2153 1229 2199 ea
1255 2134 1424 2218 voeabula,
1459 2154 1541 2217 quae

525 2269 636 2318 vorsus
659 2249 794 2335 primum
817 2249 918 2316 limen
936 2255 1062 2334 tenent·
1076 2247 1160 2314 adeo
1178 2247 1372 2332 praevalent,
1394 2252 1430 2313 ut
1444 2248 1541 2315 etiarn

525 2370 601 2451 post
621 2364 788 2439 interserta
809 2365 963 2433 voeabula
986 2386 1041 2449 ea,
1069 2363 1257 2448 quibusoam
1277 2382 1336 2448 per
1358 2382 1394 2429 se
1415 2363 1487 2448 pari
1507 2363 1541 2431 vi

526 2484 670 2565 utuntur,
697 2480 801 2547 looum
829 2480 958 2565 habeat,
986 2479 1072 2563 quod
1101 2500 1172 2547 oum
1199 2478 1263 2545 illis
1286 2478 1540 2573 ooninugendum

527 2593 578 2660 sit.
615 2594 683 2661 Neo
710 2594 815 2673 minus
843 2596 877 2661 in
906 2616 944 2664 eo
971 2601 1106 2682 apparet
1133 2593 1229 2679 primi
1257 2592 1351 2679 pedis
1380 2614 1453 2662 osse
1474 2595 1538 2662 uim

525 2708 757 2794 praevalidam,
792 2710 877 2794 quod
905 2709 1019 2796 resipit
1045 2710 1235 2795 saepissimo
1261 2710 1429 2794 voeabula,
1457 2729 1539 2793 quae

525 2822 569 2890 ad
590 2817 764 2891 solandam
785 2825 923 2909 aliquam
947 2825 1181 2892 distinctionem
1197 2823 1316 2891 maiore
1331 2824 1363 2891 vi
1377 2824 1540 2894 efferenda

526 2937 599 3005 sint.
633 2938 672 3006 of.
692 2940 762 3007 J.V
777 2940 853 3012 257.
882 2940 993 3007 Τούτω
1024 2937 1055 3005 δ’
1072 2936 1112 3005 οὗ
1134 2937 1235 3006 πάλιν
1257 2935 1539 3016 αὖτιςδποίσετον
1562 2975 1567 2984 ·

519 3059 618 3127 ἵπποι
640 3048 807 3141 Μ”Λμφω
831 3052 893 3141 ἀφ’
911 3050 1040 3141 ἡμείων,
1063 3051 1135 3136 εἴγ’
1150 3048 1210 3120 οὖν
1222 3054 1337 3141 Ιἕτερός
1357 3079 1394 3136 γε
1409 3057 1537 3148 φύγῃσι.

525 3168 601 3233 XIV
619 3169 691 3235 154.
715 3167 829 3235 aristae
852 3164 887 3235 δ’
901 3169 983 3251 ἔγνω
1001 3165 1013 3254 Η
1033 3167 1109 3235 Τὸν
1130 3173 1201 3254 μὲν
1216 3171 1417 3253 ποιπνύοντα
1431 3174 1538 3259 μάχην.

525 3276 592 3350 αἰνὰ
616 3283 878 3370 κυδιάνειραν-ὴ
897 3279 911 3373 il
928 3285 979 3371 Ζῆ
986 3307 1034 3350 να
1064 3282 1095 3350 δ’
1118 3282 1173 3349 ἐπ’
1196 3282 1372 3372 ἀκροτάτης
1394 3289 1537 3374 κορυφῆς

405 3414 408 3419 “
524 3398 746 3476 πολυπίδακος
763 3394 848 3485 Ἴδης
864 3399 1002 3486 Ἦμενον
1028 3400 1152 3465 εἰσεῖδε.
1187 3401 1264 3466 XVI
1285 3401 1360 3468 225.
1389 3400 1469 3468 ouidi
1490 3427 1537 3480 τις

440 3535 442 3539 ·
524 3510 625 3594 ἄλλος
641 3508 655 3603 Η
668 3509 747 3580 Oo'ir'
762 3512 785 3578 οἳ
791 3514 919 3601 νδρῶν
941 3517 1088 3581 πίνεσκεν
1110 3511 1176 3579 ἀπ’.
1186 3512 1286 3581 αὐτοῦ
1300 3519 1436 3582 αἴθοπα,
1446 3518 1537 3584 οἶνον

526 3628 609 3695 Οὔτε
636 3653 697 3718 τεῳ
721 3631 892 3696 σπένδεσκε
914 3634 1024 3696 θεῶν
1046 3629 1096 3694 ὅτι
1112 3625 1161 3716 .μῆ
1184 3635 1246 3695 Διῒ
1260 3634 1367 3716 πατρί.
1403 3631 1441 3699 Ο.
1455 3632 1536 3698 XIX

524 3744 599 3811 209.
622 3743 724 3831 αὐτὰρ
743 3739 913 3822 'odersele
929 3740 943 3831 ΙΙ
962 3746 1082 3834 &vargi
1104 3747 1165 3829 μὲν
1180 3745 1327 3827 γοόωσαν
1341 3743 1398 3833 ἐῆν
1412 3747 1536 3832 ἐλέαιρε
1622 3762 1624 3768 “

522 3871 668 3942 rossana,
683 3854 937 3949 ΙΙὈφθαλμοὶ
961 3856 991 3925 δ’
1009 3856 1084 3925 ὡσεὶ
1105 3863 1183 3945 κέρα
1202 3864 1339 3929 ἕστασαν
1354 3859 1391 3948 ἠὲ
1407 3863 1535 3949 σίδηρος

521 3970 674 4062 Ἅτρεμας
701 3976 737 4042 ἐν
763 3970 965 4063 βλεφάροισι.
1004 3977 1116 4059 Itaque
1135 3998 1202 4056 non
1224 3997 1320 4044 unam
1341 3979 1382 4044 ob
1404 3998 1535 4046 oausam

522 4097 608 4158 rsoto
635 4098 760 4176 negant,
781 4091 899 4158 formas
928 4091 1091 4158 enolitioas
1118 4112 1215 4177 posse
1236 4092 1363 4160 tolerari
1384 4092 1417 4159 in
1441 4116 1535 4163 versu

522 4200 651 4280 ineunte
674 4202 848 4296 (otlySohol.
862 4205 932 4277 Η
947 4206 1000 4273 64.
1015 4205 1163 4292 Spitauer
1176 4205 1226 4273 IX
1240 4204 1329 4293 306).
1356 4208 1423 4295 Sed
1436 4210 1533 4279 etiam
