4117 5234
433 1491 569 1616 Legum
601 1549 708 1598 earum
739 1528 894 1614 omnium,
928 1548 1011 1612 qnae
1040 1535 1185 1615 spectant
1213 1528 1256 1596 ad
1283 1531 1450 1597 verborum
1485 1606 1487 1611 .

434 1648 687 1731 collocationem,
715 1645 747 1710 in
770 1665 867 1731 prosa
890 1645 1032 1711 oratione
1054 1664 1173 1728 genera
1197 1651 1270 1712 sunt
1292 1645 1365 1711 duo.
1399 1645 1451 1711 Al·

433 1768 535 1829 terum
568 1781 670 1846 genus
705 1767 769 1846 est,
803 1760 890 1844 quod
920 1766 1045 1827 constat
1072 1760 1197 1844 legibus
1224 1760 1450 1846 grammaticis,

434 1863 576 1964 alterum,
599 1877 684 1961 quod
706 1877 830 1961 legibus
850 1875 1026 1943 rhetoricis.
1060 1875 1127 1942 Sed
1141 1877 1174 1941 in
1190 1877 1281 1962 poe’si
1296 1877 1451 1944 accedunt

434 1993 476 2059 ad
498 1994 587 2078 leges
609 1993 834 2077 grammaticas
858 1992 1017 2077 metricae,
1040 1990 1179 2075 quaein
1201 1995 1367 2060 verborum
1390 1992 1451 2059 col·

432 2109 589 2176 locatione
617 2110 681 2176 vim
714 2109 868 2193 habeant,
902 2107 945 2174 ad
977 2108 1066 2191 leges
1095 2107 1268 2175 rhetoricas
1295 2108 1449 2194 poeticae.

433 2225 493 2291 His
515 2226 611 2310 igitur
632 2225 748 2291 finibus
771 2223 1070 2310 comprehendenda
1093 2243 1165 2288 esse
1187 2231 1279 2309 puto,
1303 2242 1385 2306 quac
1408 2223 1450 2289 dc

434 2340 639 2406 collocatione
661 2341 827 2406 verborum
850 2338 1019 2404 Homerica
1042 2337 1179 2404 dicenda
1202 2338 1274 2422 sint,
1298 2344 1332 2404 ut
1355 2359 1449 2422 agam

405 2437 409 2442 ’
432 2454 569 2540 primum
593 2455 634 2522 de
655 2454 779 2539 legibus
801 2453 1017 2538 grammaticis
1038 2460 1069 2520 et
1084 2453 1223 2520 metricis
1239 2453 1295 2537 eis,
1318 2439 1458 2536 quaein

367 2620 369 2624 .
433 2571 598 2637 verborum
627 2570 832 2637 collocatione
853 2570 995 2655 valeant,
1023 2570 1140 2637 deinde
1168 2569 1209 2637 de
1234 2569 1359 2654 legibus
1382 2569 1450 2637 the

433 2683 541 2751 toricis
564 2690 596 2752 et
617 2686 761 2770 poeticis.

929 2913 946 2997 Ι

462 3054 520 3119 DE
542 3053 775 3123 VERBORUM
802 3053 1137 3123 OOLLOOATIONIS
1165 3054 1413 3125 HOMERIOAE

683 3171 866 3239 LEGIBUS
896 3172 1196 3241 GRAMMATICIS.

567 3463 596 3528 1.
629 3464 682 3529 De
697 3465 810 3552 fiyorc
831 3459 917 3528 καθ’
931 3462 1009 3530 ὅλον
1031 3467 1086 3530 καὶ
1108 3461 1190 3530 aava
1212 3468 1318 3552 μέρος.

499 3601 651 3688 Dupliccs
674 3605 872 3672 accusativos
903 3626 943 3671 ex
965 3605 1082 3692 figura,
1113 3626 1208 3690 quam
1232 3607 1341 3674 dicunt
1363 3608 1445 3674 καθ’
1507 3630 1508 3634 ’

433 3714 512 3783 ὅλον
534 3717 691 3784 anteacti
714 3724 825 3804 μέρος,
852 3727 1020 3806 usurpatos
1044 3742 1140 3805 quum
1163 3723 1259 3790 etiam
1282 3723 1369 3810 apud
1391 3745 1446 3810 po-

403 3833 573 3900 'sterioris
601 3835 715 3901 aetatis
742 3843 855 3921 poetas
883 3837 1016 3921 reperiri
1044 3844 1165 3905 constet
1188 3835 1248 3922 (cf.
1270 3839 1370 3905 Alcm.
1393 3841 1445 3906 17.

425 3942 516 4031 Ἔρος
543 3973 584 4032 με
614 3946 712 4015 δαῦτε
735 3948 897 4035 Κύπριδος
926 3953 1014 4016 ἕκατι
1038 3950 1157 4027 lavata
1183 3957 1340 4037 κατείβων
1364 3979 1444 4037 καρ-

432 4062 509 4128 δίαν
531 4064 635 4130 ἰαίνει.
669 4064 765 4150 Soph.
782 4062 819 4132 0.
835 4065 870 4133 G.
888 4067 962 4132 113.
995 4071 1050 4131 acl
1073 4066 1111 4132 σύ
1132 4064 1172 4151 μ’
1192 4069 1227 4148 ἐξ
1251 4065 1333 4135 ὁδοῦ
1355 4069 1444 4136 πόδα

430 4177 561 4262 κρύψον
588 4177 665 4244 καθ’
680 4179 787 4278 ἄλσος.
823 4181 898 4249 Eur.
918 4182 996 4250 Ηθο.
1019 4183 1096 4249 812.
1130 4193 1192 4248 ποτ
1214 4181 1252 4268 μ’
1273 4180 1443 4268 instarem

1265 4296 1281 4352 1
