4117 5234
948 708 950 712 ι
984 669 1144 769 ..υ-

557 847 735 937 οὶριθμήσοι
767 852 821 912 καὶ
848 846 979 922 ἔπεισιν·
1024 848 1068 914 VI
1088 848 1118 917 9.
1148 843 1237 933 a’pcpi
1264 847 1301 919 δὲ
1329 856 1433 931 τοῖχος·
1459 847 1576 927 ἔλασσα

557 964 652 1031 πόλει
674 969 730 1029 καὶ
751 964 900 1049 ἐδείματο
923 966 1042 1041 οἴκους.
1075 963 1152 1037 XVI
1166 964 1220 1035 41.
1242 958 1347 1048 ,αὐτὰρ
1368 960 1422 1044 tr’
1436 965 1510 1035 οἴσιυ
1525 966 1576 1036 teu

559 1086 614 1146 aot
636 1076 757 1165 ὑπέρβη
781 1077 898 1144 λάινον
921 1074 1033 1150 οὐδὸν,
1061 1073 1119 1163 (In
1141 1098 1194 1162 eo,
1224 1077 1310 1161 qnod
1332 1084 1397 1149 estu
1431 1077 1577 1148 ἐκέλευον

560 1192 595 1260 δ’
610 1193 755 1281 ἑταίρους
770 1191 900 1270 Actoris
919 1189 951 1257 a’
967 1190 1139 1277 ἀμβαίνειν
1154 1190 1220 1261 ἂναὶ
1235 1216 1269 1256 τε
1283 1192 1466 1280 πρυμνήσια
1480 1194 1577 1269 λῦσαι

559 1330 623 1376 non
638 1316 714 1395 puto
730 1316 814 1380 recte
825 1307 1003 1377 Ameisinm
1018 1306 1070 1393 (0.
1081 1309 1141 1375 XV
1153 1303 1233 1392 548)
1250 1307 1356 1379 dicero
1370 1316 1576 1398 praepostere

449 1490 452 1495 ,
558 1442 610 1490 res
633 1422 776 1508 proferri.
814 1424 864 1490 Ex
887 1421 938 1492 his
961 1424 1047 1490 enim
1069 1422 1163 1496 locis:
1185 1423 1343 1496 ,1,1436.
1366 1423 1400 1487 ἐκ
1423 1418 1457 1494 δ’
1477 1420 1577 1502 stoue

560 1535 688 1621 ἔβαλον,
722 1536 805 1606 κατὰ
835 1538 872 1604 δὲ
904 1539 1087 1625 πρυμνήσια
1116 1538 1227 1624 δῆσαν,
1256 1536 1306 1603 Ἕκ
1335 1538 1372 1610 σὲ
1401 1543 1456 1604 ναι
1483 1537 1590 1611 οὗτοι

460 1666 465 1674 “
560 1656 677 1735 βαῖνον
692 1651 747 1717 ἐπὶ
760 1651 889 1738 ῥηγμῖνι
904 1653 1085 1740 θαλάσσης.
1111 1653 1148 1721 Ο.
1159 1654 1239 1721 XIII
1256 1655 1308 1721 76.
1323 1658 1373 1720 σοὶ
1387 1654 1424 1719 δὲ
1439 1654 1577 1732 καθῖζον

560 1766 611 1838 ἐπὶ
641 1763 766 1852 κληῗσιν
789 1770 950 1834 ἔκαστοι
973 1757 1128 1858 Κόσμομ,
1157 1779 1277 1854 πεῖσμα
1307 1767 1343 1836 o’
1365 1767 1484 1840 ἔλυσαν
1509 1766 1575 1841 itui

561 1891 687 1967 νρήνοτο
716 1881 842 1959 λίθοιο,
870 1882 903 1946 in
932 1883 1046 1965 quibus
1074 1890 1194 1956 certum
1224 1892 1273 1951 est
1301 1892 1428 1969 poetam
1454 1906 1476 1959 a
1501 1906 1578 1958 vero

560 1996 672 2070 ordine
693 2017 797 2068 rerum
813 2004 1011 2070 enarrantem
1027 1998 1175 2068 recedere
1190 2020 1254 2065 non
1269 2000 1420 2085 potuisse,
1443 2006 1579 2087 apparet

561 2111 590 2179 si
618 2131 682 2178 non
712 2132 768 2177 eos
798 2112 900 2197 ipsos,
929 2113 984 2197 qui
1011 2112 1103 2185 funes
1127 2115 1179 2181 uel
1206 2114 1337 2199 alligent
1364 2115 1415 2184 uel
1443 2116 1579 2201 solvant,

562 2233 668 2294 tamen
691 2227 844 2302 maiorem
860 2235 1021 2296 uentorum
1043 2235 1166 2315 partem
1189 2229 1254 2296 diei
1276 2236 1308 2298 et
1330 2230 1363 2297 in
1377 2250 1491 2304 navem
1506 2250 1580 2300 con-

563 2342 730 2425 scendere,
758 2343 943 2428 prinsquam
973 2345 1068 2412 soluti
1096 2344 1204 2425 funes,
1235 2352 1267 2419 et
1293 2366 1333 2419 ex
1361 2344 1580 2431 navipegredi,

562 2464 732 2545 postquam
755 2458 820 2532 sint
841 2459 988 2544 alligati).

965 2638 1174 2652 ᾖ

632 2803 803 2887 Postquam
833 2803 988 2873 illustravi
1016 2826 1067 2874 res
1090 2805 1132 2872 ad
1155 2806 1319 2872 verborum
1343 2804 1582 2880 collocationem

566 2919 767 2986 Homericam
796 2920 990 3006 pertinentes
1019 2920 1161 3004 singulas
1191 2918 1389 3004 singillatim,
1417 2920 1527 2987 utria
1549 2926 1582 2993 et

566 3036 688 3101 ratione
719 3033 965 3119 disputationem
993 3036 1036 3102 ad
1058 3035 1152 3102 finem
1176 3034 1364 3121 perducam,
1395 3034 1436 3102 de
1458 3034 1582 3108 eisdem

567 3151 646 3220 mihi
675 3149 769 3215 rebus
792 3168 876 3220 nunc
897 3150 1124 3237 disputandum
1148 3151 1252 3218 estin
1274 3150 1465 3223 universum.
1510 3148 1583 3227 Qua

568 3263 753 3351 disputandi
784 3266 905 3334 ratione
936 3269 1004 3335 sola
1028 3288 1098 3335 eam
1130 3273 1251 3352 partem
1279 3266 1418 3332 muneris
1441 3264 1583 3350 suseepti

569 3388 654 3449 recte
669 3401 799 3466 possum
815 3382 951 3468 explere,
975 3391 1010 3450 nt
1025 3402 1191 3468 exponam,
1210 3387 1329 3465 quanta
1344 3386 1376 3447 et
1390 3380 1477 3463 quali
1491 3380 1583 3470 liber-¹

569 3504 635 3565 tate
658 3503 762 3564 utatur·
784 3500 949 3566 verborum
973 3498 1136 3566 collocatio
1159 3497 1337 3564 Homerica.

504 3646 506 3650 ’
637 3621 666 3687 Α
688 3640 799 3686 norma
827 3636 906 3683 suae
934 3612 1171 3684 consuetudinis
1199 3612 1303 3695 ipsam
1329 3630 1393 3681 non
1415 3608 1509 3679 facile
1530 3608 1584 3675 de·

571 3737 698 3805 flectere
712 3737 879 3803 verborum
902 3729 1138 3803 collocationem
1153 3727 1354 3794 Homericam
1377 3732 1496 3798 certum
1511 3744 1584 3796 esse

572 3853 710 3920 debebat
730 3850 826 3919 etiam
850 3849 883 3914 in
904 3846 1085 3918 universum
1108 3841 1291 3928 respicienti
1313 3847 1458 3914 naturam
1475 3839 1584 3925 poesis

573 3968 684 4053 opicae
711 3965 877 4051 genuinae.
922 3962 981 4032 Est
1008 3960 1093 4032 enim
1121 3960 1155 4025 ln
1182 3976 1327 4029 sermone
1349 3954 1440 4048 epioo
1462 3954 1496 4022 in
1517 3954 1585 4027 uoi-

573 4101 699 4150 uersum
715 4089 747 4148 et
761 4086 850 4150 tanta
859 4078 913 4145 uis
929 4073 1175 4157 consuetudinis,
1187 4078 1222 4138 ut
1236 4070 1278 4144 ad
1293 4090 1419 4142 omnem
1434 4068 1585 4143 cratonis

575 4198 711 4267 colorem
733 4194 900 4282 pertineat,
921 4193 1007 4267 velut
1029 4190 1072 4267 ad
1095 4190 1191 4263 uerba
1213 4185 1369 4273 eligenda,
1394 4184 1438 4262 ad
1458 4204 1585 4258 nemum
