4117 5234
1017 690 1037 756 3

948 778 1108 789 —-——-

519 890 572 937 ex·
587 888 647 936 usu
676 866 844 935 Homerico
871 866 1121 935 luculentissime
1149 871 1292 953 apparet.
1333 866 1535 934 Hermannus

519 985 648 1069 quidem
674 991 777 1052 ortam
798 972 868 1050 eam
893 1002 965 1050 esse
988 990 1082 1069 putat
1103 1004 1142 1051 ex
1166 983 1275 1066 aliqua
1297 982 1458 1069 synchysi.
1494 981 1535 1048 cf.

519 1100 562 1166 ad
573 1101 644 1183 Vig.
659 1120 690 1184 p.
706 1100 781 1166 882.
805 1098 1000 1184 „Latissime
1023 1106 1113 1183 patet
1136 1098 1168 1165 in
1184 1099 1365 1165 accusativo
1388 1098 1443 1164 illa
1459 1097 1538 1165 dua*

518 1234 589 1281 rum
609 1215 827 1297 loquutionum
849 1214 1002 1283 confusio.
1037 1216 1144 1281 Pauca
1166 1214 1207 1281 de
1224 1214 1368 1299 plurimis
1387 1213 1536 1298 exempla

519 1330 666 1397 afferam:
688 1326 747 1396 τδν
769 1328 807 1394 δὲ
829 1329 940 1404 σκότος
958 1327 1028 1396 ὄσσ’
1045 1328 1201 1416 ἕκάλοφε,
1224 1329 1309 1412 quod
1324 1329 1539 1413 compositum.

519 1452 569 1513 cst
592 1465 631 1512 ex
654 1444 721 1512 his:
744 1440 803 1510 τδν
824 1443 861 1509 δὲ
876 1440 988 1522 σκότος
1003 1444 1148 1529 ἐκάλυψε
1163 1451 1195 1511 et
1209 1446 1266 1511 τοῦ
1283 1443 1320 1509 δὲ
1335 1443 1409 1508 ὄσσε
1424 1443 1536 1519 σκότος

520 1554 712 1646 λκάλοφεν.“
757 1560 864 1627 Possit
890 1560 994 1627 videri
1021 1560 1180 1627 secundus
1209 1559 1410 1627 accusativus
1438 1538 1477 1624 ea
1504 1557 1537 1624 vi

520 1675 582 1758 uti,
610 1694 693 1757 quae
715 1674 757 1744 in⁴
770 1674 821 1742 his
844 1681 893 1741 est
915 1675 1103 1742 accusativi:
1130 1675 1160 1741 J.
1178 1675 1206 1741 V
1222 1674 1297 1742 284.
1325 1671 1460 1758 βέβληαι
1482 1695 1536 1736 κε·

522 1794 636 1856 sceva.
665 1790 729 1856 XX
749 1790 824 1857 480.
847 1801 949 1875 χεῖρα.
962 1792 1151 1874 βαρυνθείς.
1180 1788 1220 1874 0.
1233 1789 1330 1855 XXII
1343 1788 1420 1853 406.
1440 1785 1537 1853 Ὀδο·

523 1902 593 1982 σεός
608 1902 796 1972 πεπάλακτο
812 1905 917 1982 πόδας
932 1912 986 1970 καὶ
999 1916 1118 1991 χεῖρας.
1151 1904 1217 1973 Sed
1231 1905 1405 1972 secundum
1421 1923 1541 1970 nomen

521 2021 667 2089 additum
679 2042 754 2090 esse
768 2023 973 2107 epexegetice
989 2017 1215 2106 (ctThiersch,
1229 2020 1404 2087 Grammat.
1417 2041 1448 2105 p.
1456 2016 1536 2103 468)

523 2137 635 2206 eodem
658 2137 752 2207 modo
775 2146 871 2220 atque
894 2139 927 2203 in
949 2138 1028 2204 iliis:
1051 2138 1081 2203 J.
1096 2137 1145 2202 IX
1159 2137 1235 2204 647.
1258 2131 1328 2221 ἧδ’
1345 2131 1434 2220 ἄμφ’
1448 2131 1538 2221 crispi

523 2248 581 2338 (sc.
602 2251 667 2335 oct)
696 2254 781 2339 θῆκε
810 2249 916 2319 πολδν
942 2252 1082 2319 κέλαδον
1105 2257 1160 2316 καλ
1182 2247 1285 2335 άδτην
1300 2247 1420 2334 'Appi
1444 2245 1538 2325 σοδς

523 2366 682 2458 κεφαλῇ
705 2374 760 2432 καὶ
781 2368 947 2452 δέρματι
971 2367 1195 2450 λαχνήεντι.
1229 2365 1305 2431 VIII
1319 2365 1373 2430 48.
1393 2363 1487 2449 Ἴδην
1503 2361 1538 2428 δ’

523 2486 633 2547 ἵκανεν
648 2480 857 2548 πολυπίδακα
871 2486 992 2568 μητέρα
1007 2484 1123 2567 δηριόν
1135 2480 1350 2565 Γάργαρον.
1373 2479 1450 2545 XIV
1462 2480 1537 2546 227.

524 2591 720 2683 Σεόατ”δφ’
739 2594 932 2663 ἱπποπόλων
956 2599 1092 2687 Θρῃκῶν
1114 2592 1194 2680 ὄρεα
1216 2593 1375 2681 νιφόεντα
1399 2592 1538 2678 Ἀκρο-
1630 2650 1632 2655 .

523 2712 643 2787 πάσας
670 2712 859 2799 κορυφάς.
899 2713 979 2778 XXI
1001 2714 1054 2778 37.
1084 2707 1102 2777 ὃ
1128 2710 1162 2777 δ’
1182 2710 1305 2794 ἐρινεὸν
1335 2707 1407 2789 ὄξέλ
1428 2709 1538 2797 χαλκῷ

526 2824 636 2911 Τάηινε
663 2830 780 2903 νέονς
808 2828 1001 2914 ὄρπηκας,
1029 2825 1075 2892 ἵν’
1098 2827 1240 2911 ἅρματος
1263 2822 1397 2906 ἄντυγες
1419 2828 1484 2889 εἶεν
1506 2832 1539 2892 ολ

523 2941 724 3009 Aristarchus
742 2943 866 3010 videtur
880 2943 1000 3011 vidisse
1022 2939 1076 3028 (cf.
1092 2942 1223 3025 Merkel,
1245 2940 1420 3024 Proiegom.
1435 2939 1538 3024 Apoll.

525 3056 585 3123 Rh.
604 3078 636 3141 p.
659 3056 716 3141 90)
746 3065 778 3124 et
805 3058 880 3125 inde
908 3065 1055 3144 apparet,
1084 3057 1170 3141 quod
1192 3058 1226 3122 in
1248 3057 1317 3123 loco
1341 3056 1481 3123 secundo
1503 3054 1539 3122 id

526 3172 663 3237 maxime
685 3173 812 3256 ponitur
834 3174 920 3259 apud
943 3175 1130 3256 Homerum,
1156 3192 1219 3256 quo
1242 3172 1351 3239 addito
1374 3191 1425 3238 res
1448 3192 1539 3238 accu·
1576 3246 1577 3249 Ἴ

525 3286 625 3352 ratius
653 3286 809 3360 definitur.
848 3288 1012 3371 Siquidem
1041 3290 1075 3355 in
1102 3290 1156 3355 illa
1182 3288 1285 3372 figura
1319 3287 1352 3353 id
1381 3287 1465 3369 quod
1495 3285 1539 3353 ad

526 3407 625 3467 totum
648 3409 783 3487 spectet,
807 3404 1011 3489 praecedere,
1035 3404 1069 3470 id
1092 3403 1177 3487 quod
1199 3402 1242 3469 ad
1265 3388 1382 3469 certam
1405 3410 1538 3487 partem,

526 3516 617 3599 sequi
640 3519 817 3585 sexcenties
833 3519 987 3586 videmus.
1023 3515 1077 3602 (cf.
1088 3519 1118 3584 J.
1133 3519 1181 3584 La
1196 3517 1312 3602 Boche,
1331 3518 1538 3586 Homerische
1566 3525 1574 3542 ‘

526 3631 668 3698 Studien.
692 3633 786 3706 Wien
810 3635 893 3699 1861
918 3655 950 3720 p.
971 3631 1060 3718 225).
1100 3632 1148 3700 Ne
1176 3653 1250 3699 vero
1279 3632 1383 3698 dicam
1413 3653 1540 3719 semper

525 3747 717 3833 praecedere
740 3748 773 3813 id
797 3748 882 3831 quod
905 3749 947 3815 ad
969 3755 1068 3815 totum
1092 3754 1223 3834 spectet,
1244 3747 1413 3832 prohibent
1426 3748 1460 3813 hi
1475 3748 1539 3815 duo

527 3861 602 3928 loci:
631 3861 668 3927 0.
688 3862 754 3926 XX
774 3864 849 3929 286.
879 3860 957 3950 ὄφρ’
979 3861 1026 3928 ὄτι
1052 3862 1179 3946 μᾶλλον
1199 3865 1270 3949 Δόη
1298 3850 1377 3944 ὄχοζ
1403 3864 1540 3949 κραδίην

527 3975 738 4062 Λαερτιάδην
754 3975 895 4063 Ὀδυσῆα
913 3986 956 4045 et
977 3979 1007 4045 J.
1024 3979 1104 4043 XXI
1128 3980 1201 4045 180.
1230 3982 1373 4063 Tacape
1399 3980 1461 4061 reip
1483 4002 1539 4060 μιν

527 4088 628 4175 ἔτοφε
655 4090 732 4178 παρ’
753 4090 919 4180 ὀμφαλόν,
953 4113 1085 4177 quorum
1114 4095 1193 4161 alter
1221 4114 1317 4177 quum
1345 4094 1566 4178 eulogium

528 4206 686 4286 sermonis„
705 4207 865 4284 Homerici
892 4216 958 4282 tum
987 4210 1028 4278 ab
1059 4230 1098 4278 eo
1123 4230 1232 4295 versu,
1260 4209 1315 4300 qui
1341 4209 1472 4295 legitur:
1500 4207 1539 4277 0.

1339 4320 1354 4375 1
1360 4318 1380 4356 Q
