4117 5234
1015 665 1036 729 6

948 753 1107 765 -—-—-

522 844 655 911 Theour.
675 840 723 909 Id.
745 842 824 909 XIII
844 843 898 909 47.
926 845 980 907 ταλ
1008 840 1042 907 δ’
1063 842 1099 908 ὄν
1120 845 1188 929 χερλ
1210 844 1313 926 πόσαι
1335 842 1475 930 ἔφασαν,
1504 852 1541 914 ut

522 959 715 1044 singularem
737 961 816 1044 χερλ.
849 958 990 1050 ConlatIs
1006 958 1064 1043 eis,
1087 968 1275 1041 quaesunt:
1297 960 1435 1026 J.V30.
1458 965 1540 1027 Χει-

522 1071 579 1158 ρδς
607 1071 719 1141 ἑλοόσ’
737 1072 862 1139 ἐπέεσσι
890 1073 1071 1160 προσηύδα.
1114 1073 1151 1141 Ο.
1171 1076 1220 1140 III
1240 1076 1315 1141 374.
1345 1075 1540 1163 Τηλεμάχου

523 1185 557 1256 δ’
572 1190 626 1256 sta
654 1200 746 1274 χεῐρα
771 1187 852 1264 ’ὄντος
875 1186 903 1251 τ’
920 1186 1027 1275 ἔφατ’.
1065 1190 1173 1256 XVIII
1195 1192 1271 1257 258.
1299 1188 1464 1278 δεξιτερῆν
1485 1191 1541 1257 aa

520 1308 635 1392 monui
655 1301 739 1370 ἑλόν
754 1304 811 1388 ἐμὲ
824 1314 917 1389 χελρα
933 1301 1113 1390 προσηύδα,
1136 1303 1221 1386 tuas
1237 1307 1272 1372 δν
1286 1306 1404 1389 χείλεσι
1421 1306 1540 1394 φύντες

521 1422 652 1508 propius
674 1428 751 1506 puto
767 1420 956 1487 videbuntur
978 1420 1021 1486 ed
1036 1442 1145 1488 verum
1163 1423 1324 1507 assedere,
1339 1423 1402 1507 -qui
1420 1424 1454 1489 in
1469 1422 1538 1489 illo:

522 1537 558 1604 ὄν
582 1535 616 1603 δ’
632 1536 698 1623 ἄρα
721 1534 754 1603 οἱ
776 1536 822 1622 φύ
845 1540 929 1620 χειρί
950 1535 1076 1604 dativus
1099 1535 1131 1603 οἳ
1151 1544 1183 1604 et
1197 1542 1281 1622 χειρί
1294 1539 1381 1623 paris
1398 1538 1540 1606 Iudiuant

522 1673 594 1720 esse
621 1652 789 1738 potestatis
820 1647 873 1734 (ef.
895 1651 1083 1736 Hoffmann,
1111 1655 1189 1720 tiber
1218 1650 1306 1739 a’ppt
1326 1654 1359 1718 in
1382 1653 1439 1721 der
1460 1654 1539 1721 Iliae

521 1788 553 1853 p.
572 1764 637 1851 15).
670 1767 707 1832 In
732 1764 890 1833 eiusmodi
911 1766 1029 1847 dativis
1054 1767 1232 1852 duplicibus
1250 1769 1287 1852 is,
1310 1769 1364 1851 qui
1379 1769 1422 1835 ad
1438 1776 1538 1836 totum
1591 1784 1593 1787 ·
1632 1828 1634 1831 .

522 1889 660 1969 aperitet,
688 1882 771 1950 adeo
793 1881 930 1966 priorem
952 1881 1057 1947 locum
1080 1883 1221 1950 obtinere
1244 1885 1338 1967 solet,
1361 1891 1396 1950 ut
1417 1884 1451 1950 hi
1474 1885 1539 1953 duo

521 2018 633 2066 versus
661 1999 702 2065 ab
733 2018 772 2064 ea
794 1997 1023 2065 consuetudine
1047 1998 1241 2084 discrepent:
1271 1998 1308 2065 Ο.
1330 2000 1442 2065 XXIII
1462 2001 1538 2068 207.

522 2111 610 2200 α’μφλ
633 2113 670 2178 δὲ
692 2125 802 2200 χετρας
820 2108 833 2198 ΙΙ
851 2119 880 2175 A
887 2113 971 2205 ειρῇ
993 2110 1276 2201 βάλλ”Οδνσῆϊ,
1299 2116 1380 2201 κάρη
1400 2114 1434 2182 δ’
1449 2114 1539 2185 δεινά

522 2228 582 2315 οἶδὲ
610 2209 790 2316 προσηύδα.
820 2223 874 2313 (ef.
895 2229 1005 2314 Eurip.
1025 2230 1143 2296 Phoen.
1167 2230 1240 2297 165.
1267 2236 1342 2316 περὶ
1364 2225 1399 2295 δ’
1414 2228 1540 2309 ω’λόνας

521 2350 612 2430 Λύρα
635 2346 777 2432 φιλτάτᾳ
797 2345 930 2428 βάλοιμι
952 2346 1057 2432 χρόνῳ
1078 2345 1216 2425 Φυγάδα
1238 2343 1367 2433 μέλεον)
1391 2354 1423 2415 et
1436 2348 1466 2415 J.
1478 2348 1539 2414 XV

518 2438 599 2557 ¹451.
628 2459 782 2542 Λύχόνι
802 2456 866 2544 γάρ
895 2458 932 2524 oi
954 2461 1075 2525 ὄπισθε
1096 2461 1293 2538 πολύπονος
1322 2460 1458 2548 ἔμπεσεν
1481 2463 1537 2539 ἰός.

522 2578 627 2660 Atque
655 2577 688 2642 in
716 2574 884 2662 Odysseae
911 2595 1006 2641 versu
1033 2575 1167 2641 offensio
1195 2597 1233 2642 eo
1261 2577 1424 2663 minuitur,
1453 2577 1538 2661 quod

523 2693 650 2760 dativus
670 2692 758 2783 δειρῇ
774 2691 910 2777 pertinet
925 2690 967 2756 ad
983 2689 1169 2757 adverbium
1184 2687 1279 2776 άμμλ.
1307 2693 1347 2758 ef.
1362 2694 1392 2759 J.
1404 2694 1447 2759 VI
1462 2694 1538 2759 509.
1591 2752 1594 2757 .

523 2806 611 2895 άμφὶ
630 2808 667 2874 δὲ
681 2817 791 2892 χαῖται
807 2801 822 2894 υ
835 2806 948 2891 Ὤμοις
963 2804 1139 2872 α’ὄσσονται.
1169 2806 1340 2873 Hoffmann
1355 2809 1375 2873 l.
1391 2808 1422 2874 d.
1438 2831 1469 2894 p.
1485 2809 1538 2874 20.

524 2925 562 2990 In
584 2924 684 2991 altero
701 2945 776 3014 vera
791 2943 901 2990 versu:
925 2920 1040 3006 αδχένι
1060 2918 1124 3009 γάρ
1147 2919 1179 2988 οἳ
1201 2921 1321 2986 ὄπισθε
1342 2922 1539 2999 πολύστονος
1622 2965 1625 2970 -

525 3038 661 3124 ἔμπεσεν
684 3041 731 3117 uta
753 3040 816 3106 iam
839 3036 1048 3104 Alexandrini
1069 3033 1116 3121 (in
1139 3037 1189 3104 his
1204 3033 1538 3122 Aristarchus)'0ffen-

524 3156 652 3238 derunt,
679 3156 729 3222 vel
758 3161 926 3242 propterea
953 3151 1038 3234 quod
1067 3172 1107 3218 ex
1133 3152 1205 3219 aliis
1229 3160 1378 3221 consutus
1401 3174 1473 3221 esse
1495 3154 1538 3220 vi·

525 3270 658 3338 debatur
668 3271 719 3337 vel
734 3278 862 3356 propter
877 3268 1066 3335 sententiam
1082 3288 1120 3333 eo
1135 3288 1330 3353 expressam.
1351 3265 1405 3352 (ef.
1417 3269 1538 3355 Spitnn.

525 3385 568 3452 ad
589 3387 620 3451 h.
640 3383 675 3469 l.)
716 3383 854 3462 Quorum
884 3384 939 3451 alii
961 3402 1073 3449 versus
1095 3382 1281 3449 449-451
1312 3386 1437 3471 spurios
1466 3406 1538 3454 esse

525 3501 721 3586 iudicabant,
748 3502 803 3568 alii
826 3502 894 3568 loeo
917 3502 1002 3586 eius,
1034 3499 1119 3583 quod
1143 3507 1192 3567 est
1214 3498 1367 3579 ὄπισθεν,
1390 3499 1539 3586 πρόσθεν

526 3614 625 3702 (quod
653 3618 773 3703 recepit
794 3615 975 3701 Bekkerus)
1003 3616 1240 3684 rescribendum
1263 3637 1336 3684 esse
1358 3619 1538 3701 censebant,

457 3784 459 3788 .
526 3754 718 3817 quamquam
741 3733 819 3799 illud
841 3734 967 3818 πρόσθε
990 3752 1092 3815 neque
1116 3732 1144 3798 si
1168 3732 1209 3800 de
1229 3734 1298 3799 loeo
1320 3733 1439 3800 dietum
1459 3734 1539 3799 acei—
1653 3742 1660 3755 ·

527 3850 608 3935 pias,
619 3851 700 3917 bene
715 3848 863 3933 uaniungi
879 3869 950 3915 eum
967 3848 1120 3915 voeabula
1136 3846 1240 3933 αύχήν
1256 3844 1309 3933 (ef.
1324 3848 1353 3913 J.
1368 3849 1448 3913 XIII
1463 3847 1537 3914 289.

527 3961 586 4030 ούκ
616 3968 658 4030 ἂν
685 3964 721 4030 ὄν
748 3962 860 4047 αὐχέν’
882 3959 1005 4029 ὄπισθε
1032 3967 1125 4028 πέσοι
1150 3963 1244 4046 βόλος
1272 3960 1346 4029 ούδ’
1364 3963 1412 4029 ὄνὶ
1440 3963 1538 4049 νότῳ.

497 4056 500 4062 ’
528 4078 605 4144 546.
634 4075 701 4143 aaa
729 4079 766 4143 aa
789 4080 895 4165 φιεμα
917 4082 1027 4145 πᾶσαν
1050 4077 1178 4164 ἔκερσεν
1193 4075 1265 4144 ’στ’
1280 4075 1345 4142 τινὰ
1367 4080 1454 4142 νῶτα
1477 4081 1538 4142 εε-

528 4211 609 4261 οοσα
625 4194 798 4279 διαμπερὲς
813 4192 924 4277 αὐχέν’
939 4190 1054 4279 induar)
1070 4214 1173 4278 neque
1188 4194 1217 4260 si
1232 4194 1273 4263 de
1287 4200 1438 4281 tempore,
1458 4195 1539 4264 bene
