4117 5234
989 656 1149 753 -ει-

563 833 715 902 iunctioni
731 832 818 911 ὥστε,
841 839 927 901 certa
948 833 1100 900 nonnulla
1114 840 1240 901 exstare
1255 837 1402 920 exempla
1417 837 1464 904 sic
1484 838 1577 905 collo

563 957 663 1033 natac,
685 956 721 1015 ut
735 950 928 1035 comparatio
943 947 1127 1026 δουνδίτως
1144 950 1263 1017 inserta
1278 950 1329 1017 sit.
1357 952 1397 1018 cs.
1411 952 1442 1018 J.
1453 954 1485 1018 11
1499 953 1576 1020 455.

560 1064 652 1131 ’Hdac
662 1066 725 1149 πῦρ
738 1061 876 1149 α’ίδηλον
886 1060 1398 1152 ἐπιφλέγειᾶσπετονῦλην-Ὦς
1409 1073 1468 1133 oct.
1488 1068 1575 1137 1118.

457 1202 467 1213 ·
563 1178 594 1247 ολ
608 1178 640 1245 ’δ’
653 1178 794 1268 ἄρ’ἴσαν
808 1182 877 1273 σιγῇ
892 1185 991 1266 μένεα
1001 1183 1165 1257 πνείοντες
1185 1179 1311 1262 Ἀχαιοί
1323 1218 1375 1248 -.
1384 1179 1471 1247 ’Huc‘
1483 1179 1577 1267 ὄρεος

562 1297 720 1389 κορυφῇσι
734 1297 838 1372 Νότος
860 1301 1029 1379 κατέχευεν
1050 1293 1186 1382 ὀμίχλην
1207 1334 1251 1345 ·-
1275 1278 1319 1374 οἷς
1342 1294 1411 1383 ἄρα
1431 1298 1496 1366 τῶν
1511 1293 1577 1390 dud

492 1483 496 1488 ,
561 1416 658 1478 ποσσὶ
690 1412 859 1488 κονίσαλος
892 1410 1009 1499 ,ὤρνυτ’
1036 1409 1164 1497 αἐλλης.
1214 1412 1400 1498 Apollonius
1432 1415 1575 1483 Rhodius

560 1548 732 1611 numquam
755 1528 851 1595 utitur
866 1536 921 1595 aut
944 1527 1163 1595 coniunctione
1186 1522 1262 1611 ηἰίτε
1284 1535 1339 1595 aut
1357 1529 1575 1598 coniunctione

561 1642 640 1709 ὥστε
663 1644 697 1709 in
719 1644 809 1710 initio
831 1644 927 1711 totius
951 1644 1141 1716 sententiaa
1172 1644 1216 1709 Ut
1229 1664 1304 1711 vcro
1321 1644 1355 1709 in
1370 1645 1577 1713 collocatione

559 1760 784 1846 particularum
811 1758 891 1825 ὥστε
918 1766 951 1827 ct
978 1756 1053 1845 η’ΰτε
1080 1760 1129 1827 cis
1157 1760 1324 1826 sententiis
1352 1759 1494 1827 relativis
1520 1760 1576 1828 ad·

560 1876 711 1961 ditatum,
746 1876 779 1941 in
813 1875 927 1958 quibus
954 1876 1085 1943 verbum
1119 1895 1183 1942 non
1217 1883 1266 1943 est
1299 1896 1486 1962 expressum
1491 1923 1515 1963 ‚1
1532 1898 1575 1946 ua

559 1992 713 2060 libertate¹
731 1997 885 2076 uteretur,
913 1990 954 2060 dc
982 2012 1048 2076 qua
1076 1991 1283 2077 supradixi,
1313 1991 1431 2059 factum
1460 1993 1575 2061 estad

560 2107 798 2179 similitudinem
820 2107 981 2202 Homerici
1009 2106 1184 2192 particulae
1207 2103 1250 2185 ὦς
1272 2128 1360 2173 usus.
1403 2107 1455 2174 Ad
1478 2129 1574 2193 quam

560 2224 655 2291 ctiam
669 2223 750 2291 hacc
763 2222 925 2308 Apollonii
939 2221 1107 2290 referenda
1122 2227 1212 2288 aunt:
1234 2224 1250 2287 l
1267 2222 1342 2288 285.
1361 2228 1472 2307 Aaou
1485 2222 1574 2302 ὅπως

560 2348 694 2404 κενεοῖσι
717 2337 911 2427 λελείψομαι
932 2337 968 2403 δν
990 2326 1167 2423 μεγδροισι.
1203 2338 1234 2407 Π
1252 2338 1305 2403 91.
1327 2338 1497 2414 Βουτύοιος
1519 2337 1574 2403 οἶα

558 2452 693 2518 πόδεσσι
721 2454 910 2520 τανύσσατο.
954 2453 999 2519 IV
1019 2454 1096 2519 489.
1124 2453 1198 2546 Πιλρ
1224 2451 1283 2518 ἅτε
1305 2452 1475 2539 δηϊόωντες
1496 2454 1573 2520 λινέ-

560 2568 695 2654 δροιμον.
729 2568 769 2635 cf.
790 2567 967 2645 Qu.--Sm.1
989 2568 1065 2634 352.
1089 2568 1209 2633 ἄντλον
1230 2566 1329 2644 ὅπως.
1364 2570 1440 2635 539.
1462 2572 1573 2657 θῆρας
1651 2602 1653 2604 >

559 2683 656 2759 ὅπως.
690 2681 813 2751 ¹Gallim.
828 2684 860 2750 h.
876 2684 944 2751 Cer.
961 2684 1013 2750 90.
1036 2683 1069 2759 ἐς
1090 2681 1201 2767 βυθὸν
1223 2680 1277 2749 ολα
1300 2683 1480 2772 θαλάσσης.
1509 2688 1572 2754 Hc

559 2817 669 2868 merua
687 2800 770 2867 enim
794 2800 1042 2885 comparativam
1058 2800 1246 2897 particulam
1261 2794 1304 2873 ὥς
1318 2802 1571 2885 appositionibus

559 2917 603 2983 ita
626 2917 705 2983 solct
728 2915 866 3000 addam,
890 2923 925 2981 ut
948 2936 1019 2983 eam
1042 2914 1253 3001 appositionis
1275 2916 1410 3000 nomini,
1434 2918 1463 2983 si
1485 2928 1572 2986 caret

496 3068 498 3072 Α
558 3031 798 3115 additamentis,
822 3031 982 3115 subiiciat,
1006 3032 1035 3097 si
1056 3032 1256 3097 coniunctum
1279 3038 1328 3098 est
1349 3032 1492 3099 vcl'cum
1515 3035 1571 3101 ad·

559 3147 672 3214 iectivo
686 3146 738 3213 vcl
760 3166 831 3212 cum
845 3147 1002 3230 genetivo,
1024 3154 1122 3232 ponat
1142 3147 1343 3231 interipsum
1359 3149 1569 3233 appositionis
1692 3223 1699 3234 ,

558 3282 684 3328 nomcn
702 3268 734 3327 ct
763 3262 973 3348 appositionis
1001 3261 1267 3346 additamentum,
1296 3264 1569 3351 praemittons‘id,

557 3377 591 3442 in
615 3397 676 3460 quo
700 3376 800 3443 maior
822 3377 871 3443 via
894 3377 985 3444 inest.
1018 3376 1059 3443 cf.
1073 3377 1103 3443 J.
1118 3378 1166 3442 III
1182 3378 1257 3444 230.
1280 3374 1363 3454 θεὸς
1381 3378 1437 3454 ὥς.
1471 3380 1570 3448 0.1v

561 3493 633 3558 160.
656 3493 742 3557 θεοῦ
764 3492 816 3568 cic.
855 3493 930 3559 VIII
952 3493 1028 3559 453.
1059 3494 1130 3581 θεῷ
1152 3492 1204 3568 ὥς.
1243 3494 1304 3558 VII
1328 3495 1379 3559 71.
1408 3491 1492 3562 θεδν
1514 3496 1567 3574 ὥς.

467 3608 470 3613 ’
555 3608 585 3675 J.
606 3608 654 3673 XI
680 3608 753 3673 147.
781 3606 882 3689 ὅλμον
911 3606 945 3673 δ’
966 3609 1008 3683 ὥς
1036 3606 1144 3672 ἔσσευε
1172 3608 1394 3674 κυλίνδεσθαι.
1438 3611 1470 3676 Π
1488 3613 1567 3679 190.

556 3719 660 3789 κακδν
683 3722 734 3798 ὥς.
759 3719 848 3806 (781.
871 3724 992 3800 Διῒολς
1013 3722 1259 3811 τερπικεραύνῳ.
1292 3724 1340 3788 ΙΙΙ
1357 3725 1409 3790 60.
1429 3722 1497 3791 Ἀεί
1517 3750 1567 3792 τοι

556 3840 672 3925 κραδίη
695 3838 828 3913 πέλεκυς
852 3836 895 3913 ὤς
910 3838 994 3904 ἐστιν
1009 3835 1145 3924 ἀτειρής.
1177 3838 1214 3905 Ο.
1226 3840 1270 3904 VI
1285 3840 1337 3906 20.
1360 3834 1379 3925 ἢ
1396 3837 1430 3903 δ’
1445 3838 1568 3924 α’νέμου

557 3949 599 4031 ὥς
620 3949 715 4040 πνοιὴ
739 3950 908 4038 macuto)
942 3953 1044 4031 Quum
1057 3975 1131 4021 vcro
1146 3955 1303 4021 Homerus
1327 3955 1501 4040 particula-c
1524 3938 1579 4035 ὡς

556 4088 726 4151 numquam
747 4070 931 4153 praemittat
950 4070 1022 4156 plus
1039 4090 1134 4136 unum
1148 4091 1272 4155 nomen,
1295 4070 1454 4155 Apollonii
1468 4074 1566 4140 otiam

556 4183 588 4251 in
611 4183 785 4274 particulae
814 4180 857 4264 ὥς
879 4186 1084 4281 collocatione
1106 4186 1207 4262 maior
1229 4192 1278 4263 cst
1299 4187 1427 4260 libertas
1450 4188 1482 4263 io
1505 4187 1566 4263 hoo
