4117 5234
1025 652 1056 727 ,7

964 742 1123 753 ——-

537 834 578 900 ab
601 831 730 897 ineunte
753 831 910 897 sententia
932 832 1086 898 removeri
1102 828 1226 898 videtur
1242 831 1446 898 iudicandum
1466 822 1550 900 essa.

537 949 575 1013 In
598 967 637 1012 eo
651 945 762 1041 Iliadis
777 946 855 1032 loco,
879 947 933 1030 qui
948 953 1011 1015 est:
1033 948 1093 1012 VII
1109 947 1161 1013 31.
1178 946 1247 1011 έττοὶ
1262 940 1306 1023 οἷς
1323 947 1422 1034 φλλον
1436 947 1551 1014 ἔπλετο

538 1062 636 1151 θνμῷ
650 1057 750 1146 Ὑμτν
771 1058 967 1154 ἀθανάτῃσι,
990 1064 1091 1152 θυμῷ
1113 1062 1296 1129 dictumest
1317 1084 1376 1149 pro
1391 1063 1427 1128 έν
1443 1064 1550 1152 θυμῷ.

543 1201 548 1206 ·
602 1177 744 1262 Longius
772 1180 888 1245 absunt
915 1181 955 1246 ab
984 1179 1192 1246 similitudine
1218 1180 1344 1269 figurae
1368 1176 1453 1244 καθ’
1469 1177 1551 1245 έλον

509 1298 591 1358 ,ταν
618 1288 702 1358 κατὰ
729 1272 826 1377 μέρος
852 1293 952 1361 dativi
979 1294 1123 1380 duplices
1147 1295 1191 1379 ei,
1220 1296 1274 1379 qui
1297 1297 1405 1363 insunt
1427 1295 1460 1360 in
1482 1293 1549 1362 his:

519 1410 565 1477 .J.
581 1410 609 1475 V
626 1409 700 1474 116.
723 1411 755 1472 οἵ
773 1410 852 1472 ποτέ
872 1430 939 1492 μοι
961 1415 1015 1474 καὶ
1038 1415 1156 1494 πατρὶ
1179 1410 1262 1494 φλλα
1285 1415 1468 1495 φρονέουσα
1483 1426 1550 1477 ποτὲ

533 1527 653 1610 ρέστφς.
676 1513 772 1589 XVII
790 1523 863 1589 195.
886 1523 909 1587 ἆ
932 1521 969 1588 οἳ
992 1527 1068 1589 θεοὶ
1085 1521 1289 1607 Οὐρανίωνες
1310 1531 1430 1610 πατρὶ
1447 1514 1549 1612 φέλφ

533 1637 662 1724 ἔπορον.
696 1635 734 1704 Ο.
749 1639 799 1704 Ν
809 1640 884 1705 771.
912 1639 931 1704 ὅ
954 1636 992 1703 oi
1014 1637 1118 1726 φόνος
1139 1636 1196 1704 οἷο
1218 1643 1372 1705 τέτακται.
1396 1640 1438 1704 .ΙΙ
1452 1639 1506 1708 45.
1529 1635 1548 1706 ὅ

532 1778 600 1839 μοι
620 1748 721 1820 κακὸν
742 1753 879 1839 ἔμπεσεν
902 1759 1004 1840 οἴτῳ.
1038 1756 1177 1822 lli-208.
1195 1754 1291 1824 ’Ait’
1307 1757 1346 1822 ot
1359 1779 1427 1842 μοι
1442 1757 1549 1828 τοιαῦτ

531 1894 589 1938 τον
622 1871 808 1937 ἐπέκλωσαν
840 1875 918 1936 θεολ
944 1871 1045 1955 ὄλβον
1073 1875 1203 1958 Haupt
1228 1870 1257 1937 τ’
1278 1873 1357 1962 ἐμῷ
1386 1877 1439 1936 καὶ
1466 1867 1548 1956 lipsi.

531 1985 580 2054 XI
598 1988 671 2052 112.
693 1989 764 2054 τότε
785 2009 848 2052 τοι
869 1986 1058 2074 τεκμαλρομ’
1072 1984 1219 2076 ὄλεθρον
1233 1992 1309 2075 Np'l
1331 2011 1365 2054 το
1385 1992 1439 2053 καὶ
1454 1985 1548 2053 ἑτά-

532 2124 633 2187 ροιςε
663 2104 782 2190 quippe
804 2103 838 2169 in
860 2105 975 2188 quibus
998 2111 1168 2191 appareat,
1193 2125 1259 2172 non
1282 2121 1411 2190 prorsus
1434 2103 1548 2171 eodem

525 2219 624 2285 ‘modo
641 2219 782 2286 dativum
797 2225 964 2302 utrumqne
980 2220 1023 2286 ad
1034 2221 1164 2287 verbum
1175 2216 1334 2304 pertinere
1346 2217 1546 2304 (ediliasen,

531 2333 615 2400 0.ss
629 2331 698 2415 50).
726 2335 851 2400 Tamen
873 2340 972 2400 restat
988 2335 1050 2400 hoc
1065 2333 1291 2417 similitudinis,
1314 2334 1399 2417 quod
1415 2351 1546 2401 casuum

530 2448 744 2534 geminatione
773 2446 1003 2531 distrahuntur,
1039 2468 1122 2534 puae
1151 2449 1317 2535 aptissime
1346 2436 1546 2536 cohaereant,

530 2564 706 2647 eademque
739 2563 810 2648 lege
844 2563 924 2629 haec
955 2583 1086 2630 casuum
1115 2565 1287 2650 geminatio
1319 2567 1471 2633 obstricta
1496 2573 1546 2658 est

529 2685 625 2763 atque
653 2679 755 2763 figura
784 2676 869 2743 καθ’
884 2678 962 2745 ὅλον
987 2684 1041 2744 καλ
1065 2677 1145 2745 κατὰ
1168 2683 1273 2765 μέρος.
1311 2681 1393 2747 Nam
1417 2682 1543 2751 dativus

529 2794 733 2881 pronominis,
754 2794 809 2877 qui
825 2794 858 2860 id
873 2795 1106 2878 quodammodo
1123 2796 1270 2881 eontinet,
1285 2797 1370 2880 quod
1386 2798 1427 2863 ad
1443 2806 1542 2865 totum

529 2917 665 2995 spectat,
692 2911 884 2995 praeoedere
910 2911 1000 2978 solet.
1039 2912 1080 2976 ut
1103 2911 1157 2994 qui
1180 2931 1290 2978 versus
1314 2932 1375 2978 uon
1399 2914 1543 2998 congruit

528 3044 599 3093 cum
622 3026 683 3092 hac
704 3025 790 3110 lege,
818 3025 855 3092 0.
872 3027 904 3092 ΙΙ
924 3027 978 3092 50.
1009 3031 1160 3114 Μητέρα
1182 3051 1249 3112 μοι
1270 3029 1444 3114 μνηστῆρες
1467 3028 1542 3094 ἐπέ·

528 3162 631 3223 χραον
657 3137 717 3205 οὐκ
745 3139 923 3232 ἐθελούσῃ,
953 3143 988 3208 in
1017 3163 1055 3209 eo
1078 3143 1206 3209 Scholia
1234 3149 1389 3210 testantur
1417 3143 1541 3212 dehac

435 3279 444 3289 ·
527 3256 677 3322 lectione:
699 3258 810 3341 Μητρέ
824 3249 856 3319 τ’
870 3255 939 3348 ἐμῇ,
955 3275 1051 3339 quam
1067 3277 1229 3325 neveram
1246 3259 1421 3326 iudicemus
1437 3280 1540 3344 neque

527 3369 673 3455 prohibet
695 3355 871 3437 coniunctio
894 3375 929 3436 τέ
955 3392 1012 3457 per
1035 3393 1105 3438 eam
1130 3373 1228 3440 inlata
1258 3371 1424 3458 (convenit
1455 3375 1540 3442 enim

527 3485 573 3550 illi
600 3485 683 3569 loco,
712 3506 808 3569 quum
838 3487 897 3554 hoo
925 3487 1110 3573 praecedat:
1145 3487 1163 3553 ὅ
1191 3511 1248 3575 μοι
1274 3487 1375 3555 κακὸν
1403 3489 1539 3575 ἔμπεσεν

526 3602 603 3686 οἴκῳ
618 3595 718 3665 Aorsi·
741 3599 777 3667 τὸ
800 3608 860 3687 μὲν
881 3601 1016 3689 πατέρ’
1030 3601 1154 3670 ἐσθλὸν
1172 3601 1334 3682 α’ττώλοσα,
1357 3604 1392 3681 ὅς
1407 3604 1537 3670 ποτ’-

403 3723 410 3734 ”
523 3717 596 3784 utu
626 3715 658 3782 δ’
674 3715 717 3785 αὖ
743 3722 799 3782 καλ
826 3713 910 3784 πολι)
932 3717 1055 3803 μεῖζον,
1084 3719 1102 3784 δ
1126 3715 1165 3806 δὴ
1189 3721 1272 3802 τάχα
1295 3722 1384 3787 οἶκον
1406 3720 1537 3787 ἅπαντα

525 3834 643 3915 Πάγχο
677 3832 871 3922 δναρῥαλσει,
909 3835 1019 3918 βίοτον
1054 3831 1088 3900 δ’
1118 3832 1183 3901 ἀπὸ
1217 3833 1357 3921 ποῖμπαν
1393 3831 1535 3919 ὀλέσσει)

524 3968 627 4031 neque
661 3948 815 4017 dubitatio
849 3971 889 4017 ex
918 3948 1035 4016 criticis
1064 3952 1237 4019 rationibus
1264 3952 1365 4036 petita
1393 3952 1534 4038 impedit,

524 4082 620 4145 quum
648 4072 782 4147 constet,
812 4085 908 4148 quam
937 4086 1035 4152 saepe
1063 4066 1189 4135 dativus
1212 4066 1405 4153 pronominis
1428 4088 1534 4155 perso·

524 4178 606 4246 ualis
634 4181 828 4269 pronominis
850 4183 1025 4274 possessivi
1048 4183 1149 4255 locon
1172 4184 1373 4276 occupaverit
1394 4185 1427 4258 iu
1449 4184 1533 4256 codi-
