4117 5234
949 680 1103 777 22-

522 868 568 928 ω’
582 862 654 946 ipso
678 860 807 926 tmesin‘
825 858 931 924 inesse
954 856 1165 924 Hoffmannus
1195 852 1287 941 (fiber
1314 854 1402 946 δμφ1
1424 871 1459 946 p.
1483 858 1537 944 14)

523 977 586 1042 n'on
608 974 813 1060 probabiliter
835 972 1047 1039 statuit—ut
1061 973 1146 1039 enim
1169 975 1389 1059 monosyllaba
1407 996 1539 1061 praepo

523 1091 597 1157 sitio
618 1096 692 1174 post
712 1090 857 1172 verbum,
885 1109 905 1155 a
929 1107 991 1171 quo
1013 1089 1108 1154 tmesi
1132 1088 1290 1155 disiuncta
1312 1090 1380 1173 sit,·
1394 1098 1538 1176 ponatur,

522 1194 696 1287 numquam
722 1203 848 1271 videtur
872 1183 942 1269 fieri
971 1202 1059 1288 apud
1086 1204 1259 1271 Homerum
1287 1202 1341 1285 (of.
1361 1225 1393 1291 p.
1414 1203 1472 1289 28)
1494 1241 1539 1254 -

522 1319 760 1390 oonoedendum
794 1337 866 1384 esse
900 1325 975 1403 puto
1009 1319 1279 1403 praepositionem
1307 1320 1366 1385 uti·
1381 1340 1421 1387 ea
1447 1322 1540 1387 eollo

523 1426 657 1507 sationis
680 1435 839 1516 libertate,
869 1452 951 1516 quae
974 1454 994 1499 a
1017 1434 1148 1500 Pindari
1171 1434 1299 1501 lieentia
1321 1437 1465 1519 proxime
1486 1439 1539 1503 ais

523 1550 574 1617 stt.
608 1550 648 1615 ef.
671 1548 763 1634 Pyth.
785 1548 828 1614 IV
844 1548 919 1613 239.
934 1545 1029 1633 ’πρὸς
1057 1544 1093 1613 δ’
1108 1547 1230 1635 ἑταῖροι
1256 1546 1540 1637 καρτερὸν-ἄνδρα

523 1664 623 1752 φίλας
652 1660 777 1749 ὤρεγον
802 1673 921 1747 χεῖρας.
950 1664 1013 1730 vid.
1034 1664 1178 1745 Bossler‚
1206 1664 1247 1730 do
1268 1665 1538 1751 praepositionum

521 1801 583 1847 usu
598 1780 686 1866 apud
700 1779 827 1844 Pindar.
845 1778 1027 1845 Darmstad.
1050 1780 1135 1846 1862
1150 1801 1182 1865 p.
1196 1781 1237 1845 76
1247 1800 1316 1863 seq.
1345 1781 1410 1847 Sed
1425 1781 1538 1848 eadem

522 1915 586 1961 non
609 1896 710 1961 solum
733 1916 754 1961 a
776 1894 891 1960 Graeoi
915 1893 1080 1978 sermonis,
1105 1894 1164 1962 sed
1186 1894 1284 1961 etiam
1306 1897 1347 1962 ab
1369 1896 1539 1964 Homerios

523 2010 750 2077 oonsuetudine
787 2009 916 2077 resedit.
961 2010 1174 2090 Hoffmannns
1212 2011 1296 2077 enim
1316 2004 1318 2007 ’
1335 2010 1538 2097 demonstrat,

523 2144 619 2210 quam
647 2133 722 2211 apto
749 2124 954 2192 iudioandum
983 2125 1026 2192 sit
1054 2125 1222 2193 cohaerere
1252 2127 1340 2212 apud
1366 2127 1538 2195 Homerum

522 2243 792 2329 praepositionem
821 2255 891 2307 onm
920 2241 1049 2307 nomine
1077 2249 1244 2326 sequente,
1272 2243 1407 2327 primum
1436 2263 1539 2311 exea

479 2417 486 2430 ,
523 2367 566 2442 re,
589 2357 674 2441 quod
696 2357 818 2423 nullum
841 2364 946 2423 exstat
962 2362 1083 2423 eertum
1098 2359 1278 2444 exemplum
1293 2359 1538 2447 praepositionis

523 2471 579 2541 sut
601 2494 638 2540 eo
662 2472 825 2540 intervallo
832 2521 852 2554 ,y
871 2492 933 2553 quo
956 2493 1068 2540 versus
1091 2473 1173 2541 inter
1195 2494 1230 2570 se
1254 2474 1456 2557 dirimuntur,
1483 2481 1539 2539 aut

524 2572 657 2657 oaesurs
684 2588 777 2673 pedis
806 2586 890 2652 tertii
920 2606 941 2652 s
968 2588 1096 2653 nomine
1125 2589 1232 2654 statim
1260 2589 1447 2671 insequente
1476 2588 1539 2654 dis·

523 2705 658 2771 iunctae.
704 2702 830 2769 Deinde
869 2700 1144 2783 disquisitionibus
1177 2704 1424 2805 accuratissimis
1458 2702 1539 2769 haee

525 2840 628 2906 panos
654 2811 801 2903 exempla
825 2816 886 2884 sibi
909 2818 1068 2901 reperisse
1090 2818 1240 2901 videtnr‚-
1256 2819 1289 2883 in
1312 2818 1426 2901 quibus
1447 2837 1539 2884 vona

523 2936 597 3001 bulo
620 2934 806 3021 interposito
827 2932 1023 3019 praepositio
1038 2933 1271 2999 intermissione
1285 2954 1361 3000 vera
1376 2954 1397 3000 s
1411 2933 1538 2999 nomine

525 3057 678 3133 sequente
707 3049 865 3115 disiunota
892 3047 950 3115 sit:
979 3047 1008 3113 J.
1029 3047 1078 3111 XI
1099 3048 1174 3112 831.
1202 3043 1241 3111 τὰ
1265 3053 1299 3112 os
1322 3051 1417 3133 πρωί
1437 3064 1539 3134 φασιν

347 3154 352 3163 ’
437 3218 442 3228 .
522 3160 692 3252 Ἀχιλλῆος
716 3163 927 3243 δεδιδάχθαι.
961 3161 1038 3228 0.V
1053 3161 1125 3227 155.
1148 3159 1231 3246 παρ’
1246 3160 1304 3229 οὐκ
1319 3162 1446 3228 ἐθέλων
1460 3162 1539 3227 ἕθε-

526 3281 635 3372 λούσῃ.
669 3280 717 3347 IX
732 3279 807 3345 535.
831 3277 919 3362 εὕρω
936 3275 967 3342 δ’
985 3278 1020 3341 δν
1035 3277 1168 3362 πήματα
1183 3281 1270 3364 οἴκῳ.
1292 3278 1340 3342 XI
1357 3278 1430 3343 115.
1454 3277 1539 3363 δήεις

426 3462 432 3469 ,
527 3395 562 3461 δ’
582 3396 772 3481 ἔν’πήματα
801 3397 878 3480 οἴκῳ
900 3389 959 3476 (of.
980 3393 1107 3459 Pindar.
1129 3392 1178 3459 Ol.
1197 3395 1213 3458 I
1237 3395 1288 3459 17.
1315 3396 1446 3479 Δωρίαν
1473 3388 1540 3457 sind

527 3512 691 3597 φόρμιγγα
707 3507 877 3574 πασσάλου
892 3507 1048 3592 λάμβανε.
1070 3508 1211 3593 Pytnlv
1222 3510 1274 3575 24.
1290 3504 1379 3573 ἁνίκ’
1393 3505 1540 3593 ἄγκυραν

526 3632 600 3692 ποτὶ
634 3622 833 3706 χαλκόγενυν
861 3628 921 3688 ναῒ
945 3620 1166 3710 κρημνάντων.
1200 3625 1264 3691 vid.
1286 3624 1415 3690 Bossler
1436 3624 1456 3688 l.
1477 3619 1539 3705 d),

526 3742 640 3826 quibus
668 3746 888 3825 praetensum
913 3739 1078 3825 Odysseae
1100 3740 1216 3824 looum,
1239 3760 1332 3823 quem
1356 3758 1455 3820 supra
1476 3756 1540 3803 me

528 3856 664 3939 moravi,
691 3856 737 3920 VIv
759 3855 821 3919 165
852 3873 948 3920 unum
976 3854 1054 3920 illud
1077 3854 1221 3921 additum
1245 3874 1317 3921 esse
1339 3852 1450 3919 velim:
1479 3849 1539 3935 (ef.

527 3993 559 4058 p.
574 3966 637 4053 20)
665 3970 694 4036 J.
715 3970 747 4033 X
768 3969 843 4035 224.
874 3972 929 4033 καλ
954 3994 988 4034 τε
1017 3970 1079 4054 πρὸ
1108 3965 1126 4035 ὁ
1154 3970 1213 4034 τοῦ
1240 3967 1387 4053 ἐνόησεν,
1416 3967 1449 4031 in
1477 3986 1539 4048 quo

526 4087 738 4153 Hoffmannus
753 4086 939 4151 vocabulum
963 4085 1025 4169 πρό
1049 4083 1191 4151 adverbii
1208 4083 1276 4149 loeo
1292 4102 1365 4149 esse
1380 4081 1541 4148 existimat

529 4198 649 4287 (Tunes.
659 4202 691 4265 ΙΙ
706 4221 738 4285 p.
750 4201 780 4266 9.
803 4200 842 4267 of.
854 4199 922 4267 Ibd.
934 4201 982 4265 III
997 4222 1027 4285 p.
1038 4197 1082 4281 7).
1104 4199 1247 4284 Apparet
1263 4197 1455 4282 singularem
1468 4217 1540 4265 esse
