4117 5234
1012 790 1033 854 6
1083 826 1084 830 ,

945 878 1104 890 -—-—-

518 970 652 1037 'Pirenen
672 966 720 1034 Id.
740 968 821 1034 -XIII
841 968 895 1034 47.
922 971 976 1032 mi
1005 965 1039 1032 δ’
1060 967 1096 1033 ὄν
1117 970 1185 1054 papi
1207 969 1311 1052 πᾶσαι
1333 967 1472 1056 ἔφασαν,
1502 979 1537 1040 ut

518 1085 712 1170 singularem
734 1087 813 1170 χερί.
845 1083 1060 1177 (laudationis,
1084 1103 1166 1168 quae
1185 1093 1273 1150 sunt:
1295 1086 1432 1152 J.·v30.
1456 1091 1536 1152 Χει-

519 1197 576 1286 ρδς
604 1197 715 1267 ἑλοόσ’
733 1198 858 1265 έπέεσσι
887 1199 1068 1286 προσηύδα.
1111 1198 1312 1266 0.111374.
1343 1201 1537 1289 Τηλεμάχου

519 1311 554 1383 δ’
569 1316 623 1382 έλι
651 1326 743 1400 χεῖρα
768 1313 849 1390 ’ἔπος
871 1312 900 1377 τ’
917 1311 1024 1400 ἔφατ’.
1062 1315 1170 1381 XVIII
1192 1317 1268 1382 258.
1296 1314 1469 1410 δεξιτερῇν
1484 1317 1537 1383 ὄπι

517 1434 632 1518 καρπῷ
652 1427 736 1496 ύλδν
751 1430 808 1515 ἐμέ
821 1440 914 1515 χοΐρα
930 1426 1109 1515 προσηύδα,
1133 1428 1218 1510 ὄδόξ
1234 1432 1269 1497 έν
1283 1431 1402 1514 χείλεσι
1419 1432 1536 1519 φύντες

518 1548 649 1634 propina
671 1553 748 1632 pute
763 1546 953 1612 videbuntur
974 1545 1017 1611 ad
1032 1566 1142 1612 verum
1160 1548 1321 1632 aenedere,
1335 1549 1399 1632 -qui
1418 1549 1451 1614 in
1466 1549 1535 1615 illo:

519 1663 555 1730 έν
578 1661 613 1729 δ’
628 1662 694 1749 ἄρα
717 1659 750 1728 οἳ
772 1662 819 1747 φῦ
841 1665 926 1745 χειρί
946 1660 1072 1728 dativus
1095 1659 1127 1727 οἳ
1148 1669 1180 1729 et
1194 1667 1278 1747 χειρί
1292 1665 1378 1748 paris
1394 1664 1537 1732 iudieant

519 1799 591 1846 eene
618 1777 786 1865 potestatis
816 1773 870 1860 (af.
892 1776 1079 1862 Hoffmann,
1107 1780 1186 1844 tiber
1215 1776 1303 1866 ἄμφι
1323 1779 1356 1844 in
1380 1779 1437 1847 der
1458 1780 1535 1847 Ilias

518 1915 550 1980 p.
569 1891 634 1978 15).
667 1894 704 1958 In
729 1891 887 1960 eiusmodi
908 1892 1026 1973 dativis
1050 1893 1229 1980 duplieibus
1248 1895 1284 1978 ie,
1307 1895 1362 1978 qni
1377 1894 1420 1961 ad
1435 1901 1535 1962 totum
1620 1952 1622 1955 ,

519 2016 657 2096 spectat,
685 2009 768 2077 adeo
790 2008 927 2093 priorem
949 2008 1053 2074 locum
1076 2009 1218 2077 obtinere
1240 2011 1334 2094 salet,
1359 2017 1394 2077 ut
1415 2010 1449 2076 hi
1471 2011 1535 2079 dua

518 2145 630 2217 verene
658 2126 699 2192 ab
729 2145 769 2191 ea
791 2125 1019 2192 consuetudine
1043 2125 1238 2211 discrepent:
1268 2125 1305 2192 Ο.
1327 2126 1439 2191 ΧΧΙΠ
1460 2127 1535 2193 207.

519 2238 607 2327 άμφὶ
629 2241 667 2306 δέ
689 2235 830 2327 χετραςἸΙ
847 2242 968 2333 Δειρῇ
989 2238 1273 2327 βάλλ”Οδνσῆϊ,
1296 2243 1377 2328 κάρη
1397 2240 1431 2308 δ’
1446 2240 1536 2311 &aad

518 2355 579 2442 ea
607 2353 787 2444 πριοηιει.
817 2351 871 2441 (α.
891 2356 1001 2442 uurrp.
1021 2357 1140 2423 rhoea.
1164 2357 1237 2424 rae.
1265 2363 1340 2441 aa
1361 2351 1396 2422 ι’
1411 2355 1536 2434 ποις

514 2477 608 2571 ’Δέρρι
631 2474 773 2561 φιλτάτᾳ
793 2473 926 2556 βάλοιμι
948 2473 1053 2559 χρόνῳ
1074 2473 1213 2552 Φυγάδα
1235 2470 1364 2560 μέλεον)
1388 2481 1420 2542 et
1434 2475 1463 2541 J.
1475 2474 1536 2540 XV

519 2587 596 2685 451.
625 2586 778 2669 Λύχένι
799 2584 863 2673 γάρ
891 2585 928 2651 οἳ
950 2588 1070 2652 ὄπισθε
1092 2588 1289 2666 πολύπονος
1319 2587 1455 2674 ἔμπεσεν
1478 2588 1534 2664 λός.

519 2706 623 2788 Atque
650 2704 684 2770 in
713 2701 880 2789 Odysseae
908 2720 1001 2768 vernn
1029 2701 1163 2768 offensio
1191 2723 1229 2768 eo
1258 2703 1421 2788 minuitur,
1450 2704 1535 2787 quod

519 2821 647 2887 dativus
667 2819 755 2911 δειρῇ
770 2818 906 2905 pertinet
921 2816 963 2883 ad
978 2816 1165 2884 adverbium
1180 2812 1275 2904 ἀμφί.
1304 2818 1344 2884 ef.
1359 2819 1388 2885 J.
1401 2820 1444 2885 VI
1459 2819 1535 2884 509.
1587 2878 1589 2881 .

520 2933 608 3022 ἄμφι
626 2936 663 3001 δέ
677 2945 788 3019 χαῖται
803 2929 818 3021 H
831 2935 945 3018 Ὦμοις
959 2931 1136 2999 α’ΐσσονται.
1165 2931 1337 2998 Hoffmann
1352 2934 1372 2998 l.
1388 2933 1418 2999 d.
1435 2955 1465 3018 p.
1482 2934 1535 2999 20.

520 3049 558 3117 In
581 3053 681 3119 altero
698 3072 773 3140 vere
788 3071 897 3118 versa:
921 3047 1036 3132 αόχένι
1056 3043 1120 3133 γάρ
1144 3045 1176 3113 οἳ
1197 3047 1318 3112 ὄπισθε
1339 3047 1535 3124 πολύστονος
1617 3090 1619 3094 -

521 3165 658 3252 ἔμπεσεν
680 3169 727 3244 ἰός
749 3167 813 3234 iam
836 3163 1044 3231 Alexandrini
1066 3159 1113 3247 (in
1135 3164 1186 3230 hie
1201 3159 1535 3248 Aristarchusioffen-

520 3283 648 3367 derunt,
676 3283 726 3372 vel
754 3288 922 3367 propterea
949 3278 1035 3361 quad
1063 3299 1103 3345 ex
1130 3279 1202 3346 aliie
1225 3286 1375 3347 consutus
1398 3300 1470 3347 esee
1492 3281 1536 3346 vi-

521 3398 655 3466 debatur
665 3399 715 3464 vel
730 3404 858 3483 propter
873 3395 1063 3463 sententiam
1078 3415 1117 3460 eo
1132 3414 1326 3479 expressam.
1348 3392 1402 3479 (ef.
1414 3396 1535 3481 Spitun.

521 3515 564 3580 ad
586 3514 617 3579 h.
637 3511 672 3597 l.)
712 3511 851 3590 Quorum
880 3511 935 3579 alii
957 3530 1069 3577 versus
1092 3509 1277 3576 449-451
1309 3512 1434 3596 spurios
1463 3531 1535 3578 esse

521 3629 717 3713 indicabant,
744 3629 800 3695 alii
821 3629 890 3695 loeo
914 3629 999 3713 eiua,
1030 3626 1116 3710 quod
1131 3632 1189 3698 est
1211 3624 1364 3704 ὄπισθεν,
1387 3623 1536 3713 πρόσθεν

522 3741 621 3829 (quod
650 3745 770 3831 recepit
791 3741 972 3827 Bekkerns)
1000 3742 1236 3810 reseribeudum
1260 3763 1332 3810 esse
1355 3744 1535 3826 censebant,

454 3912 456 3916 ψ
523 3881 714 3944 quamquam
738 3860 815 3926 illud
838 3861 964 3943 πρόσθε
986 3878 1091 3942 neque
1113 3858 1142 3924 ei
1165 3858 1206 3925 de
1226 3858 1294 3925 loeo
1317 3858 1436 3924 dietum
1456 3858 1536 3924 aeci·
1654 3869 1659 3882 ·

523 3977 605 4062 pias,
616 3979 697 4044 bene
712 3975 860 4059 coniungi
876 3996 947 4042 num
964 3975 1117 4042 vocabulo
1133 3971 1237 4059 αδχήν
1253 3969 1306 4058 (ef.
1321 3974 1350 4039 J.
1365 3974 1445 4038 XIII
1460 3972 1535 4039 289.

524 4089 583 4158 ούιι
612 4095 654 4158 ὄν
681 4092 718 4157 ἐν
744 4088 857 4173 αὐχέν’
878 4086 1002 4157 ὄπισθε
1029 4093 1122 4155 πέσοι
1147 4090 1242 4172 βέλος
1269 4087 1344 4155 οὔδ’
1360 4086 1409 4155 aar
1437 4089 1536 4174 νάτῳ.

493 4184 496 4189 ’
524 4205 602 4272 546.
631 4203 698 4271 δπό
725 4206 763 4270 δὲ
785 4207 892 4293 φλέβα
914 4209 1024 4272 πᾶσαν
1047 4203 1176 4291 ἔκερσεν
1190 4201 1262 4270 'Ha'
1277 4201 1343 4269 δνδ
1364 4205 1451 4268 νῶτα
1474 4205 1536 4267 θέ-

524 4339 606 4389 οοσο
622 4321 795 4407 διαμπερὲς
809 4319 921 4404 τύχον
936 4312 1052 4407 adver)
1067 4340 1170 4404 neque
1185 4320 1215 4387 ei
1229 4319 1271 4388 de
1284 4318 1435 4406 tempore,
1455 4320 1537 4390 bene
