4117 5234
982 687 1143 783 „m-

625 862 718 939 Quod
746 862 833 946 apud
855 862 1039 947 posterioris
1062 862 1177 929 aetatis
1199 868 1312 948 politas
1334 881 1569 944 nonnumquam

557 980 605 1065 fit,
639 988 674 1046 ut
701 978 896 1062 praepositio
923 978 1086 1062 pertinens
1100 977 1157 1043 ⁴-ad
1184 977 1247 1042 duo
1276 978 1406 1043 nomina
1433 977 1569 1043 addatur

457 1112 461 1119 ·
557 1089 697 1155 seeundo
720 1089 774 1174 (ol.
790 1092 880 1158 Pind.
905 1088 1103 1177 [Bernhardy
1122 1093 1211 1177 synt.
1226 1114 1258 1178 p.
1266 1093 1345 1158 202.
1374 1093 1512 1176 Bosslm,
1528 1092 1570 1159 de

557 1208 826 1291 praepositionum
854 1228 915 1273 usu
942 1208 1029 1293 apud
1058 1207 1229 1273 Pindarum
1259 1228 1291 1291 p.
1310 1209 1353 1272 84
1368 1202 1447 1291 seq]
1476 1207 1568 1293 Pyth.

468 1320 469 1324 ’
556 1320 714 1388 V1H141.
735 1322 831 1388 πόλιν
850 1322 949 1388 τάνδε
964 1322 1072 1405 κόμιζε
1086 1328 1117 1386 Δ
1123 1328 1135 1385 i
1150 1327 1204 1385 καὶ
1219 1326 1342 1405 κρέοντι
1358 1320 1429 1387 οὖν
1444 1322 1568 1409 Αλαιιῷ.

557 1434 594 1501 fr.
617 1438 669 1501 60.
699 1441 873 1523 Χαρίτεσσί
899 1461 934 1502 τε
961 1442 1014 1501 nai
1044 1434 1103 1503 otiu
1122 1431 1310 1522 Ἀφροδίτᾳ.
1350 1437 1441 1523 Pyth.
1456 1438 1500 1502 lV
1517 1439 1568 1504 10.

556 1548 684 1637 ἑβδόμᾳ
705 1558 760 1616 καὶ
783 1549 842 1618 οὐν
867 1551 988 1637 δεκάτᾳ
1009 1553 1114 1634 γενεᾷ.
1145 1553 1244 1619 Alom.
1255 1554 1285 1617 6.
1309 1556 1444 1628 Φοίναις
1463 1553 1501 1618 δὲ
1515 1558 1569 1617 καὶ

556 1666 592 1732 ἐν
614 1662 792 1733 omassum.
819 1668 916 1753 Soph.
929 1669 966 1734 Ο.
979 1671 1016 1734 R.
1029 1671 1103 1733 761.
1127 1666 1247 1752 οἲγρούς
1267 1685 1329 1753 σφε
1344 1672 1475 1757 πέμψαι
1489 1666 1569 1733 καίτλ

556 1788 714 1866 ποιμνίων
743 1780 855 1866 νομάς.
894 1783 968 1849 Eur.
990 1784 1109 1849 Phoen.
1129 1784 1204 1848 284.
1233 1783 1329 1868 Orph.
1350 1784 1458 1869 hymn.
1477 1785 1568 1850 144.

555 1895 669 1964 ἐλθεῖν
693 1896 798 1982 Τήνδτ
826 1899 1011 1983 θυηπολίην
1039 1896 1127 1984 ἱερὴν
1150 1900 1294 1984 σπονδήν
1315 1896 1348 1962 τ’
1362 1899 1416 1963 ἐπὶ
1438 1898 1568 1985 σεμνήν.

555 2012 657 2097 Apoll.
678 2012 737 2078 Rh.
757 2014 805 2078 ΠΙ
829 2015 902 2079 757.
930 2011 967 2078 τό
999 2012 1048 2098 δὴ
1067 2018 1143 2080 νέον
1170 2010 1206 2099 qt
1219 2046 1221 2049 ·
1234 2013 1341 2100 λέβητι
1360 2013 1415 2079 ’Hs
1443 2037 1507 2081 τιον
1531 2014 1568 2080 ἐν

555 2129 665 2215 γαυλῷ
686 2132 825 2211 κέχυται.
854 2128 977 2195 Gallim.
992 2129 1023 2194 h.
1036 2129 1105 2206 Oer,
1119 2130 1171 2195 92.
1195 2126 1239 2206 ὥς
1262 2130 1299 2194 dd
1314 2133 1462 2212 Μίμαντι
1477 2126 1567 2212 χιών,

555 2238 598 2320 ὥς
622 2237 719 2330 delia
742 2242 790 2309 ἔνι
813 2242 979 2329 πλαγγών)
1002 2245 1036 2310 id
1060 2253 1182 2312 constat
1205 2247 1244 2312 ab
1267 2246 1405 2313 Homero
1428 2246 1567 2312 alienum

554 2378 627 2425 esse
651 2356 703 2438 (os.
719 2359 864 2443 Krueger
884 2361 935 2426 Di.
952 2362 1036 2444 ξ68,
1053 2361 1165 2427 9Ann.
1177 2362 1363 2445 Hoffmann,
1383 2363 1461 2427 uber
1480 2358 1569 2446 α’μφί

552 2484 591 2558 ρ..
601 2475 666 2558 17).
695 2474 806 2555 Neque
828 2475 912 2540 enim
928 2476 960 2540 in
977 2497 1015 2543 eo
1031 2476 1198 2563 Odysseae
1213 2479 1290 2561 loeo,
1309 2478 1363 2559 qui
1378 2484 1427 2543 est
1442 2476 1566 2543 ΧΠ26.

556 2594 612 2654 ἵνα
634 2587 680 2675 μη
701 2613 732 2653 τι
754 2588 958 2679 κακοῤῥαφλη
976 2588 1123 2681 α’λτγεινῇ
1137 2594 1182 2655 Ἢ
1198 2587 1278 2666 ἁλὰς
1293 2590 1314 2677 ἢ
1328 2590 1380 2656 ἐπὶ
1394 2592 1451 2676 γῆς
1465 2588 1567 2676 α’λγή-

556 2720 624 2766 σετε
649 2706 741 2787 πῆμα
769 2705 935 2781 παθόντες
957 2707 1151 2791 praepositio
1174 2705 1228 2770 dni
1249 2706 1292 2771 ad
1314 2707 1451 2791 priorem
1473 2724 1567 2789 gene·

554 2818 654 2884 tivum
676 2814 754 2895 ἁλός
775 2821 920 2906 pertinet.
947 2820 1000 2901 (of.
1016 2821 1187 2887 Hoffmann
1207 2822 1227 2884 l.
1237 2820 1268 2885 d.
1283 2818 1365 2904 „dp'
1375 2816 1455 2895 ἁλός
1468 2820 1567 2886 findet

555 2933 623 3001 sloh
646 2935 680 2999 in
703 2936 808 3002 dieser
830 2936 1018 3019 Bedeutung
1041 2931 1163 3019 nieht“)
1192 2934 1231 3000 of.
1252 2955 1278 3000 o.
1294 2935 1341 2999 III
1364 2935 1514 3012 §alesta

622 3050 732 3117 Tmesi
764 3057 872 3116 notum
903 3058 952 3134 est
979 3051 1150 3116 Homerum
1180 3057 1212 3117 et
1240 3050 1338 3116 multo
1367 3049 1506 3116 erebrius
1534 3057 1566 3117 et

555 3166 651 3231 multo
674 3165 820 3231 liberiore
842 3166 888 3231 uti
904 3185 998 3248 quam
1014 3185 1203 3248 quemquam
1219 3166 1437 3251 posteriorum.
1464 3166 1565 3232 Nemo

483 3303 485 3308 ⁴
554 3279 689 3364 dubitat,
717 3281 793 3363 quin
815 3281 925 3347 tmesis
948 3302 1024 3347 usus
1047 3280 1233 3347 Homerious
1255 3282 1359 3364 magis
1381 3280 1565 3347 referendus
1619 3261 1631 3268 ’

554 3396 596 3463 sit
623 3395 665 3461 ad
693 3416 890 3463 communem
919 3396 1106 3478 antiquioris
1135 3395 1289 3462 sermonis
1317 3396 1432 3463 Graeci
1461 3397 1565 3462 eondi-

554 3510 676 3577 oionem
699 3507 752 3594 (ef.
767 3512 912 3596 Pierson,
935 3515 1013 3579 uber
1028 3511 1081 3577 die
1096 3511 1222 3577 Tmesis
1238 3547 1281 3557 -
1296 3512 1348 3578 bei
1370 3511 1432 3579 den
1447 3512 1565 3596 grieoh.

553 3626 720 3710 Diehtern‚
744 3627 969 3694 insbesoudere
991 3627 1042 3693 bei
1065 3625 1289 3692 Dramatikeru
1312 3627 1377 3693 und
1398 3627 1564 3713 Lyrikern.

554 3739 614 3805 Rh.
637 3742 718 3808 Mus.
741 3740 859 3827 1857),
888 3743 977 3808 ouius
1000 3741 1136 3824 vestigia
1164 3740 1271 3808 insunt
1296 3743 1331 3807 in
1360 3742 1439 3827 ipsis
1467 3742 1565 3807 Hero·

554 3856 621 3923 doti
643 3858 730 3923 libris
754 3854 812 3941 (of.
837 3859 937 3922 1139.
961 3856 996 3935 ἐξ
1015 3852 1062 3922 οἷν
1083 3854 1180 3921 εἶλον.
1216 3859 1268 3922 40.
1292 3851 1354 3921 u’rr'
1371 3851 1417 3921 ὦν
1439 3855 1564 3921 ἔδοντο.

557 3971 629 4036 181.
652 3969 735 4037 κατοέ
754 3996 794 4056 με
810 3972 1011 4059 ἐφάρμαξας.
1034 3972 1082 4036 ΙΠ
1093 3974 1145 4037 36.
1166 3969 1231 4036 ἀπὸ
1250 3976 1310 4056 μὲν
1326 3967 1465 4037 σεωυτὸν
1485 3971 1564 4036 ὤλε-

471 4136 473 4139 ,
555 4102 612 4161 σας
634 4123 679 4133 -
701 4081 768 4152 ἀπὸ
797 4088 834 4153 δὲ
861 4084 984 4162 ὤλεσας
1006 4084 1126 4171 Κῦρον)
1153 4106 1248 4168 quam
1270 4087 1313 4151 ad
1336 4086 1496 4171 propriam
1519 4087 1564 4152 di·

554 4202 666 4268 otionis
686 4202 830 4287 poeticae
845 4204 1031 4287 libertatem,
1054 4223 1117 4285 qua
1133 4202 1165 4265 in
1180 4204 1345 4270 verborum
1360 4202 1564 4271 collocatione
