4117 5234
1051 662 1213 763 gc*-

624 838 805 929 δηθύνοντ’
825 843 846 927 ἢ
867 836 1000 928 ὕστιοον
1022 834 1114 918 αὖτις
1136 838 1245 908 idaea.-
1275 837 1522 928 „Icherinuere
1544 838 1642 927 maij

623 959 695 1025 dass
710 957 847 1026 Jemand
862 956 979 1024 einmal
994 958 1055 1025 aui
1065 953 1128 1026 den
1141 958 1260 1026 Homer
1275 978 1387 1044 suegen
1403 957 1510 1026 dieses
1521 956 1644 1026 Verscs

622 1077 700 1141 biise
715 1096 791 1159 war,
814 1073 888 1142 weil
910 1073 1023 1142 erden
1046 1075 1250 1159 ergrimmten
1264 1075 1483 1160 Agamemnon
1506 1094 1542 1141 so
1557 1075 1643 1142 kale

622 1192 723 1275 blutig
745 1190 955 1274 distinguiren
977 1191 1072 1257 lasse.
1105 1191 1154 1256 Im
1177 1191 1361 1259 Deutschen
1384 1190 1456 1257 fuit
1478 1190 1548 1257 dies
1563 1190 1643 1258 weit

622 1307 712 1372 mehr
726 1305 786 1372 auf
803 1307 851 1373 als
875 1307 918 1372 inr
935 1301 1190 1372 driechisehen.“
1224 1304 1326 1384 Quam
1350 1306 1454 1373 facilis
1477 1307 1519 1373 sit
1534 1326 1642 1375 sermo

622 1422 763 1488 Graecus
779 1422 822 1487 ad
838 1420 1090 1506 discernendum,
1106 1429 1241 1511 apparet
1254 1423 1305 1491 vel
1321 1443 1361 1490 ex
1377 1444 1423 1508 eo,
1438 1423 1524 1506 quod
1539 1422 1643 1502 ἄλλος

622 1539 751 1623 saepius
774 1538 902 1604 additur
917 1537 964 1604 eis
979 1537 1169 1623 numinibus,
1193 1558 1275 1623 quae
1294 1539 1422 1625 propria
1436 1539 1469 1606 vi
1484 1559 1543 1607 sua
1557 1540 1642 1608 satis

622 1659 835 1721 secernuntur.
873 1653 913 1720 cs.
934 1652 1003 1720 O.·I
1025 1654 1099 1720 132.
1128 1650 1195 1739 rucis
1220 1651 1255 1719 d'
1277 1649 1377 1732 οὗτος
1400 1651 1536 1740 κλισμὸν
1556 1659 1641 1722 θέτο

621 1770 768 1835 ποικίλον
791 1768 928 1835 ἔκτοθεν
944 1768 1055 1837 ἄλλον
1070 1770 1297 1856 Μνηστήρωνι
1316 1771 1363 1838 vl-
1377 1771 1429 1837 84.
1452 1770 1521 1855 ἅμα
1542 1772 1580 1864 τῇ
1602 1795 1642 1852 νο

622 1882 680 1968 (su.
691 1883 879 1969 Ναυσικάᾳ)
902 1891 957 1949 καλ
976 1883 1158 1971 ἀμφίπολοι
1173 1889 1245 1953 κίον
1259 1883 1368 1952 ἄλλοι.
1397 1886 1494 1973 Soph.
1507 1884 1544 1953 Ο.
1556 1887 1594 1953 R.
1609 1888 1641 1955 7.

622 1997 692 2082 ἄγα)
719 2002 853 2067 δικαιῶν
874 2000 917 2087 μι)
941 1995 1193 2088 παρ’ἆγγέλων,
1211 2007 1332 2096 τέκνα,
1345 2002 1476 2096 ’Ἀλλίαν
1498 2000 1643 2083 ἀκούειν)

621 2113 720 2193 αὐτὸς
747 2112 810 2182 οἷδ’
829 2116 988 2204 ἐλήλυθα.
1035 2117 1161 2186 Deinde
1188 2112 1391 2213 negationum
1416 2119 1644 2212 πεποίησαι·

620 2254 714 2300 mone
737 2233 860 2302 Graeco
883 2233 912 2300 is
935 2239 998 2319 est,
1021 2239 1056 2300 ut
1079 2233 1281 2303 discernendi
1304 2234 1443 2304 studium
1465 2235 1498 2301 in
1521 2254 1559 2302 ec
1573 2247 1644 2321 'ap-

619 2356 741 2437 pareat.
764 2351 875 2434 Neque
890 2350 975 2416 enim
991 2350 1024 2416 in
1038 2349 1090 2418 his
1105 2350 1260 2439 exemplis
1272 2350 1464 2419 Homericis:
1480 2349 1643 2419 0.11271.

620 2468 662 2530 Ελ
683 2465 725 2553 δή
746 2487 797 2531 τοι
819 2457 878 2532 σοῦ
899 2464 1021 2549 πατρὸς
1044 2466 1228 2534 ἐνέστακται
1250 2472 1346 2554 μένος
1368 2464 1408 2553 ἢΰ
1422 2502 1467 2514 -
1481 2461 1575 2552 (274)
1592 2468 1645 2532 Ei

622 2579 656 2647 δ’
667 2578 715 2647 οὗ
728 2585 835 2649 κτένου
849 2579 883 2665 γ’
894 2580 961 2648 duci
975 2582 1079 2663 γόνος.
1105 2582 1170 2648 XII
1181 2585 1262 2679 378..
1280 2589 1378 2648 thcu
1392 2579 1432 2668 δι)
1447 2579 1581 2664 ἑτέρους
1591 2616 1643 2639 -ι

620 2697 770 2793 pavaque
797 2734 841 2745 -
868 2693 963 2783 (382)
992 2699 1034 2762 Ei
1056 2697 1094 2762 δέ
1114 2722 1170 2783 μοι
1192 2693 1233 2765 οὕ
1254 2700 1375 2764 τλσοοσι
1395 2698 1484 2782 βοῶν
1506 2695 1643 2763 ἐπιεικέ’»

621 2812 772 2900 α’μοιβήν.
789 2815 975 2882 ..1.ΠΙ289.
998 2815 1040 2878 Εἰ
1061 2812 1093 2879 δ’
1110 2817 1153 2879 ἄν
1174 2814 1246 2900 ἐμοὶ
1268 2811 1363 2900 τιμὴν
1383 2849 1427 2862 --
1447 2817 1556 2879 Τι’νειν
1576 2811 1640 2879 οὐκ

622 2931 761 2996 ἐθέλωσι
782 2926 836 3015 (cf.
848 2954 877 3008 r.
889 2928 969 3015 286)
989 2930 1028 2996 Gi.
1040 2931 1241 2999 Hermannus
1263 2927 1382 3016 (Viget.
1399 2952 1429 3016 p.
1443 2926 1522 3015 833)
1536 2930 1639 2998 Kru'e-

621 3062 716 3132 genus
741 3044 806 3129 (Di.
823 3048 842 3125 ἓ
859 3049 911 3131 67,
927 3047 957 3131 4,
976 3042 1009 3132 1)
1032 3047 1167 3114 Faesius
1189 3042 1246 3131 (ad
1265 3047 1295 3114 J.
1310 3047 1358 3112 111
1373 3042 1453 3132 289)
1474 3046 1637 3115 Ameisius

623 3160 680 3247 (ad
701 3157 879 3247 0.11274)
903 3169 987 3228 recte
1007 3162 1154 3229 videntur
1176 3170 1324 3247 statuere,
1347 3159 1388 3229 οὕ
1409 3163 1556 3248 usurpari
1577 3158 1639 3249 pne

622 3277 778 3364 particula
806 3278 849 3363 μή
877 3278 936 3362 ita,
964 3284 999 3344 ut
1025 3278 1153 3363 negatio
1176 3279 1353 3346 arctissime
1375 3277 1542 3345 coniuncta
1564 3297 1638 3345 cum

622 3415 685 3461 unc
713 3394 819 3477 aliquo
847 3396 999 3463 uocabulo
1029 3415 1125 3460 unam
1154 3414 1224 3471 curn
1254 3415 1292 3462 eo
1320 3393 1480 3461 notionem
1509 3392 1638 3461 efficia-t.

582 3527 584 3531 ·
624 3508 797 3595 (Kruegen
816 3509 887 3588 „cd
910 3515 1069 3576 acinon:
1084 3507 1197 3575 ἄλλον.
1220 3507 1258 3585 οὐ
1276 3513 1484 3576 τέσουσιετῖ
1495 3533 1535 3595 με
1550 3506 1650 3578 οἷπο-4

624 3622 817 3712 στορήσοοσι.
851 3624 910 3693 οὔκ
938 3625 1097 3710 έθέλοῼιν
1115 3616 1153 3682 ὲ
1171 3623 1376 3712 ἀρνῶνταιέ)
1421 3625 1486 3693 Sed
1509 3620 1638 3694 inistis

624 3740 666 3807 od
692 3743 737 3809 itu
766 3743 897 3809 infertur
923 3743 956 3807 in
983 3743 1197 3827 condiciones,
1226 3749 1261 3809 ut
1284 3741 1460 3810 declaretur
1480 3762 1544 3809 unu
1566 3749 1640 3810 seu·

624 3858 724 3925 tentia
746 3858 838 3924 alteri
860 3858 1025 3943 centraria,
1052 3859 1085 3924 id
1108 3859 1192 3941 qued
1214 3877 1272 3944 per
1293 3859 1493 3944 negationem
1515 3854 1561 3943 μή
1582 3857 1640 3926 de·

625 3973 737 4040 clerani
766 3996 829 4040 ncn
859 3981 973 4059 potest.
1018 3974 1058 4040 cf.
1084 3975 1115 4042 J.
1134 3974 1179 4040 IV
1202 3975 1282 4040 16οι
1301 3978 1401 4061 Εἴπερ
1429 3971 1492 4060 γάρ
1519 3997 1554 4038 τε
1580 3979 1641 4041 καλ

625 4087 741 4156 udaias
770 4087 828 4154 οὐκ
855 4089 1024 4168 ἐτέλεσσεν,
1044 4089 1099 4155 Ἕκ
1126 4113 1160 4154 τε
1189 4093 1242 4155 καὶ
1264 4082 1331 4179 ὅψὲ
1352 4089 1444 4156 τελεῖ.
1482 4090 1543 4157 XV
1560 4091 1639 4159 162.

625 4207 666 4270 Ei
677 4207 714 4271 δέ
723 4214 780 4291 μοι
790 4199 1436 4292 οὕκ·ἕπέτσσ’τ’πιπεέστται,ἄλλ’ἄλογήσει.
1451 4198 1642 4277 Ο.ΧΙ·Χ85ξ
