4117 5234
959 683 1120 781 ῥο-

531 860 722 930 earminibns
745 859 936 944 Homericis,
966 861 1047 926 mira
1075 868 1182 927 tamen
1211 859 1448 931 consuetudinis
1473 884 1546 932 oon·

530 978 649 1045 stantia
681 977 923 1063 praemittuntur
953 974 1080 1059 singula
1112 975 1264 1063 spodosis
1291 980 1460 1064 voeabula,
1493 978 1545 1047 vel

530 1092 774 1159 ooniunotiones
789 1092 839 1160 vel
861 1091 1065 1159 substantiva
1082 1093 1133 1158 vel
1155 1094 1351 1178 pronomina.
1379 1094 1419 1161 ef.
1434 1096 1545 1176 ann

529 1209 606 1275 421.
627 1206 731 1285 Ἀλλ),
748 1204 822 1273 ὥστ’
839 1204 927 1293 α’μφῗ
942 1206 1066 1291 οὔροισι
1088 1206 1143 1273 δύ’
1158 1203 1254 1292 α’νέρε
1265 1206 1472 1296 δηριάασθον
1483 1219 1543 1279 eet.

529 1323 610 1388 XIII
621 1325 674 1390 62.
689 1318 799 1398 Αὐτὸς
814 1320 858 1399 δ’,
870 1319 946 1387 ὥστ’
957 1324 1031 1408 ἴρηξ
1044 1318 1231 1408 ωἰιήπττρος
1242 1323 1324 1412 ὦρτο
1336 1330 1471 1392 νέεσθαι
1483 1335 1542 1395 cet.

529 1439 622 1504 XVII
645 1439 805 1505 too-no
812 1462 832 1505 ν
855 1435 897 1516 δ’,
913 1437 993 1502 ὥστε
1015 1440 1136 1523 ψαρῶν
1159 1442 1260 1527 νέφος
1282 1439 1409 1525 ἔρχεται
1427 1476 1470 1488 -
1487 1439 1543 1519 Ὦς

529 1552 583 1638 ἄρ’
600 1549 660 1619 ὑπ’
675 1554 794 1636 Αἰνείᾳ
816 1578 850 1619 τε
865 1556 927 1618 ναὶ
940 1551 1065 1639 Ἕκτορι
1085 1556 1226 1640 κοῦροι
1245 1553 1417 1640 Ἀχαιῶν
1435 1556 1544 1624 Οὗλον

530 1670 732 1753 κεκλήγοντες
751 1673 839 1737 ἴσαν.
875 1670 912 1738 0.
929 1670 1010 1735 XIII
1032 1672 1085 1737 81.
1101 1666 1146 1757 Ἦ
1164 1669 1210 1749 δ’,
1226 1670 1353 1740 ὥστ’έν
1375 1674 1476 1762 πεδίῳ
1498 1710 1544 1721 -

529 1786 621 1851 ἵπποι
644 1822 687 1834 -
709 1784 887 1871 πρήσσουσι
914 1786 1076 1852 κέλευθον
1098 1781 1215 1863 -Ὧς
1237 1787 1305 1872 ἄρα
1326 1791 1392 1877 τῆς
1414 1791 1543 1876 πρύμνη

528 1905 588 1984 μὲν
603 1898 737 1986 detnato.
766 1902 795 1968 J.
811 1903 855 1969 IV
866 1902 942 1968 433.
952 1906 1095 1985 ιΤρῶες
1118 1900 1163 1980 δ’,
1180 1898 1258 1969 ὥστ’
1274 1900 1400 1980 ὄϊες-
1415 1910 1543 1989 Μορέαι

528 2013 696 2103 ἑστήκασιν
709 2054 753 2065 ——
763 2011 818 2094 Ὦς
834 2024 885 2102 Τρ
895 2017 978 2085 α’ων
992 2014 1210 2106 ἀλαλητὸς-
1221 2017 1351 2105 bosione-
1369 2018 1432 2107 (Ea
1447 2040 1541 2088 ossus

527 2133 665 2230 inflexio,
693 2154 775 2219 qnae
797 2135 915 2203 aooidit
936 2135 969 2201 in
992 2136 1171 2203 nominibus
1194 2136 1346 2221 spodosis
1368 2137 1543 2221 particulae

492 2289 496 2300 f
528 2248 609 2317 ὥστε
631 2248 826 2337 praemissis,
850 2251 962 2320 eadem
985 2259 1036 2320 est
1058 2258 1153 2336 atque
1176 2253 1209 2318 in
1229 2252 1280 2318 his
1295 2252 1373 2322 loeis
1388 2252 1542 2319 Herodoti

528 2373 560 2435 et
580 2366 794 2453 Thucydidis:
827 2368 902 2436 Her.
924 2368 973 2434 IX
996 2370 1069 2435 109.
1093 2370 1140 2461 Τή
1171 2368 1224 2447 δὲ,
1252 2369 1357 2444 κακῶς
1385 2366 1447 2453 γὰρ
1470 2365 1542 2432 ἔδεε

529 2486 677 2574 πανοικέη
698 2484 862 2563 γενέσθαι,
886 2480 966 2567 πρὸς
987 2486 1090 2551 ταῦτα
1109 2487 1179 2550 εἶπε
1195 2483 1311 2574 Ξέρξη.
1339 2482 1438 2548 Thus.
1454 2483 1470 2546 Ι
1488 2482 1540 2547 72.

530 2600 603 2666 Τῶν
619 2600 655 2664 δὲ
674 2596 872 2685 Ἀθηναίων,
893 2595 984 2680 ἔτυχε
997 2596 1061 2683 χεὶρ
1077 2602 1230 2681 πρεσβεία
1245 2633 1289 2646 --
1305 2599 1464 2682 παροῦσα,
1487 2602 1541 2660 καὶ

529 2708 572 2789 ὥς
592 2714 734 2805 ᾔσθοντο
750 2714 814 2780 τῶν
829 2713 942 2794 λόγων,
966 2710 1082 2792 ἔδοξεν
1096 2710 1208 2788 αδτοῒς
1221 2712 1409 2799 παριτητέα)
1439 2711 1541 2778 SImul

529 2829 671 2915 pmtasin
699 2837 856 2897 ettotam
885 2830 1075 2897 sententiam
1103 2828 1281 2895 indnoentis
1311 2826 1539 2894 ooniunotionis

529 2946 607 3012 ὥστε
621 2946 682 3013 hoo
696 2967 792 3012 unum
808 2946 923 3029 legitur
937 2945 1132 3030 exemplum:
1155 2944 1184 3010 J.
1195 2942 1277 3008 XIII
1289 2943 1362 3009 198.
1378 2943 1467 3007 Ὥστε
1482 2939 1540 3009 δύ’
1624 2919 1629 2932 ”

528 3063 605 3142 αἶγα
621 3060 729 3127 λέοντε
745 3065 849 3126 κυνῶν
859 3060 923 3126 ὕπο
936 3059 1206 3145 καρχαροδόντων
1220 3054 1427 3143 Ἆρπδξαντε
1438 3061 1540 3144 φέρη-

528 3198 585 3241 τον
595 3170 697 3253 -Ὧς
713 3174 755 3263 ῥα
769 3173 825 3242 τὸν
842 3172 930 3261 ὕψοῦ
944 3174 1054 3258 ἔχοντε
1069 3173 1138 3240 δύω
1151 3178 1274 3241 Αἴαντε
1285 3212 1329 3222 --
1343 3174 1465 3254 Τεήχεα
1482 3190 1539 3238 σο-

529 3288 637 3376 λήτην.
666 3291 832 3358 Bekkerus
849 3292 882 3357 in
901 3312 939 3359 eo
953 3292 1023 3358 loeo
1039 3292 1132 3358 certis
1148 3291 1346 3373 testimoniis,
1362 3289 1539 3373 utvidetuo

527 3428 591 3474 non
603 3408 696 3474 nixus
708 3402 837 3491 (omittit
847 3404 1096 3491 adnotationem)
1107 3407 1234 3493 scripsit
1243 3401 1285 3481 ὥς
1297 3406 1342 3471 δέ.
1360 3404 1451 3482 Quod
1463 3404 1538 3487 quin

528 3530 613 3591 reete
624 3524 818 3608 feeerit„non
834 3525 1019 3607 dubitarem,
1030 3523 1094 3590 nisi
1102 3521 1243 3590 viderem
1259 3529 1291 3588 et
1302 3542 1373 3588 eum
1384 3521 1441 3603 eis,
1457 3539 1539 3602 quae

452 3666 456 3673 ¹
528 3639 729 3724 praecedant,
748 3640 999 3723 coniungendam
1023 3658 1095 3705 esse
1113 3639 1256 3723 protasio
1275 3658 1333 3723 per
1352 3633 1539 3703 ooninnotio·

528 3757 600 3822 nem
617 3753 698 3820 ὥστε
714 3755 875 3822 inductam
894 3744 1101 3840 (praecedunt
1116 3755 1200 3820 enim
1215 3754 1309 3820 haec:
1332 3750 1539 3836 Ἀμφίμαχον

528 3876 588 3956 μὲν
599 3868 666 3954 ἄρα
677 3868 842 3956 -ζἌρχοὶ
852 3868 1041 3956 Ἀθηναίων
1051 3867 1189 3953 κόμισαν
1199 3863 1279 3952 μετα
1292 3863 1373 3931 λαὸν
1388 3863 1538 3947 Ἀχαιῶν,

520 3980 946 4072 ἼμβριονήΡτὶσοτςοοοτή
968 3982 1042 4051 αὖτ’
1057 3988 1194 4060 Αἴαντε,
1217 3981 1356 4066 μεμαότε
1378 3977 1538 4065 θούριδος

529 4097 644 4186 δλκής)
659 4107 691 4168 et
702 4100 929 4168 ooniunotionis
941 4098 1024 4186 ἠΰτε,
1040 4100 1091 4167 oui
1101 4120 1163 4166 non
1179 4097 1282 4181 magis
1295 4096 1437 4181 protasio
1450 4093 1539 4161 indu-

529 4217 612 4285 oenti
622 4223 678 4284 aut
692 4217 846 4302 partionla
869 4217 906 4282 δέ
928 4223 982 4284 aut
997 4216 1118 4283 similes
1134 4212 1340 4281 subiieiuntur
1357 4232 1452 4295 qnam
1467 4230 1538 4278 oon·
1575 4276 1578 4283 .
