4117 5234
948 689 1108 787 „m-

522 868 748 955 inte'rpretatio,
766 867 828 951 qui'
840 866 900 957 hoo
915 866 1007 933 dicit:
1031 860 1157 951 ,auto
1171 862 1355 932 bezeichnct
1371 863 1425 930 ihn
1441 865 1540 932 selbst
1610 949 1611 952 Ἴ

522 988 570 1054 im>
589 986 769 1071 Gegensatc
792 1004 833 1050 zu
853 983 965 1051 seinen
986 975 1189 1048 Gelahrten“
1212 980 1377 1066 probanda
1399 988 1458 1049 est.

924 1193 1138 1205 ..n-—

1001 1504 1062 1589 ill.
1153 1522 1156 1527 ·

545 1687 603 1753 os
630 1683 872 1754 mucosum
896 1680 1232 1749 comocrurorus
1266 1671 1522 1751 uouemere

592 1808 596 1813 ·
794 1800 976 1869 ruamus
999 1797 1266 1867 aunuoarcrs.

976 1969 1085 1982 m

524 2117 553 2181 1.
577 2116 804 2181 Contartioocm
824 2126 858 2181 at
874 2116 910 2179 ia
925 2114 1093 2181 elocutione
1108 2110 1277 2177 Homerico
1291 2113 1421 2177 maltam
1435 2114 1538 2179 calae

522 2244 636 2298 certam
650 2233 698 2314 eit,
714 2232 759 2297 sic
771 2230 974 2295 iudicandam
989 2253 1053 2295 esee
1066 2228 1196 2293 inultam
1209 2226 1312 2290 colere
1328 2229 1361 2291 ia
1374 2230 1538 2294 verboram

929 2345 1137 2410 collocatione.
1167 2378 1169 2382 ·
1225 2379 1228 2382 -

589 2486 627 2551 In
650 2494 795 2553 sermone
811 2484 933 2553 Graeco
957 2492 989 2552 et
1003 2484 1117 2551 Latino
1139 2490 1290 2567 quantam
1305 2482 1348 2551 ad
1364 2483 1538 2551 orationem

523 2599 721 2668 formandam
737 2601 801 2669 vim
817 2600 948 2669 haberet
963 2600 1182 2685 contentio,
1199 2619 1366 2686 perquam
1383 2601 1540 2669 contraria

524 2722 556 2782 et
578 2716 812 2800 distinguuntur
835 2724 867 2784 ct
880 2717 1005 2784 ¹idonea
1027 2717 1149 2784 ratione
1172 2722 1383 2800 conectuntur,
1406 2735 1465 2783 nec
1488 2738 1540 2785 ve·

523 2838 607 2898 teres
630 2831 818 2916 ignorabant
840 2840 872 2899 et
898 2839 1056 2899 nostrates
1077 2832 1297 2899 intellexerunt
1320 2830 1374 2914 (cf.
1389 2832 1540 2915 Naegels-

523 2946 613 3030 bach,
636 2947 759 3014 Latcin.
775 2947 912 3015 Stilistik
935 2969 967 3033 p.
982 2948 1046 3014 461
1066 2965 1132 3031 seq.
1167 2948 1290 3033 Raspe,
1311 2947 1539 3033 Wartstellung

524 3062 581 3129 der
602 3062 809 3129 lateinisches
830 3062 971 3149 Spraohe
993 3085 1024 3150 p.
1041 3064 1083 3129 63
1100 3084 1166 3146 seq.
1200 3064 1437 3148 Foerstemann,
1460 3066 1539 3131 tiber

524 3177 587 3245 oen
602 3155 768 3245 aestiuos
784 3178 842 3245 ees
857 3179 995 3245 seruos
1011 3179 1063 3245 ser
1079 3180 1206 3247 somer.
1234 3179 1432 3264 Magdeburg
1450 3179 1533 3245 reor

523 3314 555 3378 p.
567 3289 613 3376 5).
636 3291 738 3371 Quam
754 3296 986 3362 contentionem
1001 3315 1097 3378 quum
1112 3295 1295 3381 posterioris
1311 3295 1426 3361 aetatis
1442 3295 1538 3381 scrip-

524 3414 608 3478 tores
623 3408 655 3474 in
671 3409 837 3476 artificium
851 3411 1009 3494 verterint,
1029 3411 1185 3477 Homerus
1201 3417 1233 3477 et
1250 3411 1378 3494 linguae
1394 3410 1537 3478 Graecae

524 3523 666 3616 indolem
677 3531 709 3592 ct
721 3525 870 3594 dictionis
887 3527 997 3614 spicae
1013 3527 1151 3593 rationes
1171 3533 1322 3608 sequutus
1338 3527 1383 3592 ita
1398 3526 1536 3609 adhibet,

524 3647 558 3706 ut
571 3639 627 3706 fiat
641 3641 741 3708 oratio
757 3641 932 3725 dilucidior,
948 3642 1060 3728 aptior,
1076 3641 1264 3728 espressior.
1287 3641 1351 3707 Sed
1367 3642 1536 3728 plurimum

524 3775 596 3821 eam
611 3756 717 3824 valere
739 3756 835 3824 etiam
858 3756 890 3823 in
915 3758 1120 3839 collocatione
1135 3759 1300 3825 verborum
1315 3757 1444 3824 Homeri
1468 3758 1536 3824 rhe·
1570 3769 1580 3791 ⁸

523 3870 642 3955 tonica,
665 3877 700 3938 ut
726 3871 850 3940 facilius
873 3874 1100 3958 persuadeam,
1128 3894 1231 3960 pauca
1253 3872 1393 3958 profero,
1421 3873 1535 3955 quibus

524 3994 673 4069 quantam
689 3989 730 4054 ¹in
753 3989 927 4057 elocutione
950 3989 1014 4057 vim
1037 3989 1162 4073 habeat,
1185 3989 1317 4056 eluceat.

529 4167 533 4172 .
589 4103 637 4170 Ao
659 4104 801 4189 primurn·
816 4105 943 4187 quidem
966 4104 1045 4171 illud
1067 4105 1181 4190 affero,
1203 4104 1288 4189 quod
1310 4104 1426 4189 legitur
1446 4104 1536 4192 apud

523 4216 560 4284 F.
574 4218 612 4286 Α.
623 4219 770 4287 Wolfium
794 4216 912 4306 (Verm.
929 4220 1020 4289 sehr.
1041 4240 1074 4307 p.·
1088 4216 1173 4305 357)
1196 4221 1237 4289 de
1259 4220 1289 4287 J.
1304 4221 1389 4287 127.
1413 4218 1458 4286 Ἢ
1474 4224 1535 4286 νῦν

1321 4331 1339 4387 5
1346 4384 1358 4407 ι
