4117 5234
1005 675 1048 737 27

519 857 678 922 Homerus
701 850 798 916 utitur
819 847 1065 915 modestissima.
1106 849 1297 916 Retinebant
1319 853 1402 917 enim
1425 853 1459 917 in
1481 871 1535 918 an·

521 969 657 1051 tiquiore
687 985 832 1033 sermone
854 964 976 1031 Graeco
1001 965 1256 1051 praepositiones
1279 966 1383 1031 verbis
1405 967 1535 1034 additae

522 1064 604 1150 adeo
615 1081 677 1149 vim
694 1101 785 1148 suam
801 1077 854 1164 (ef.
866 1080 1035 1163 asrimm,
1052 1081 1214 1147 Deutsohe
1227 1079 1535 1164 Gramm.Hp.917.

521 1198 606 1284 „Die
617 1196 851 1264 Trennbarkeit
866 1191 948 1280 [rom
960 1191 1111 1281 Verbum]
1127 1195 1193 1263 und
1205 1195 1443 1263 veranderlioho
1458 1193 1536 1261 Stel»

519 1315 596 1397 lang
612 1315 676 1380 ‘der
690 1311 855 1377 Partikeln
876 1310 988 1377 beruht
1004 1310 1066 1377 auf
1076 1309 1163 1378 ihrer
1175 1311 1400 1395 lebendigeren
1413 1310 1536 1379 Beden-

519 1423 626 1511 tung.“
648 1423 951 1492 Oommemorandus
962 1432 1012 1490 est
1021 1426 1210 1491 nostratium
1222 1445 1308 1508 usus,
1320 1427 1375 1508 qui
1385 1427 1420 1490 in
1430 1427 1536 1493 verbis

492 1581 495 1585 ·
519 1516 724 1626 untergehen,
746 1542 933 1607 thersetaen
955 1559 1003 1623 eo,
1024 1540 1109 1622 quod
1125 1538 1284 1622 signifieat
1303 1538 1324 1604 i.
1337 1558 1366 1622 q.
1382 1538 1536 1620 traiicere,
1598 1530 1603 1543 '

520 1657 704 1740 ubergehen
725 1677 772 1740 eo,
796 1657 881 1738 qued
903 1655 1065 1740 signifieat
1086 1657 1155 1737 λα,
1176 1653 1356 1738 transgredi
1378 1654 1536 1739 inportet

521 1772 664 1857 alieuius,
680 1772 931 1858 praepositiones
948 1778 980 1838 et
993 1770 1131 1837 firmiore
1148 1784 1226 1837 sono
1241 1775 1387 1836 notamus
1400 1775 1432 1835 et
1442 1767 1537 1836 tmesi

521 1911 542 1956 a
561 1890 657 1956 verbo
680 1888 885 1972 seiungimus‚
908 1886 1066 1952 in’verbis
1090 1885 1326 1970 antemehmem
1348 1887 1537 1952 ubersetnen

520 2025 568 2088 eo,
585 1988 670 2088 quod
685 2003 843 2087 signifieat
858 2003 879 2068 i.
889 2021 920 2084 q.
932 2007 1064 2085 vertere,
1079 2000 1261 2085 uhergehen
1277 2021 1324 2084 eo,
1340 2001 1426 2084 qnod
1441 2001 1537 2084 signi·

520 2120 596 2186 fioat
633 2120 713 2203 iq.
750 2117 1016 2205 praetermittere,
1056 2116 1309 2201 praepositiones
1346 2136 1450 2198 neque
1486 2136 1536 2183 ao

521 2243 613 2302 oentu
642 2241 735 2301 aeuto
762 2233 964 2300 enuntiamus
989 2252 1093 2314 neque
1120 2232 1259 2296 averbo
1282 2227 1481 2312 divellimus)
1502 2237 1538 2297 ut

522 2349 740 2432 distinguendi
773 2368 903 2415 munere
936 2349 1105 2430 fungentes
1139 2366 1160 2411 a
1189 2345 1284 2410 verbo
1312 2344 1474 2411 seinnetue
1503 2344 1536 2411 in

522 2462 677 2531 enuntiati
709 2461 813 2547 prima
847 2460 924 2527 sede
952 2461 1099 2526 eollooari
1128 2467 1268 2545 possent.
1312 2460 1352 2526 ef.
1374 2461 1404 2528 J.
1424 2461 1440 2525 I
1461 2461 1536 2526 309.

522 2578 560 2654 ἐς
590 2576 623 2643 δ’
646 2579 755 2662 λρέτας
783 2575 907 2662 ἔκρινεν
936 2576 1084 2653 ἒελκοσιν,
1119 2574 1156 2650 ἐς
1185 2573 1220 2640 δ’
1241 2558 1422 2661 ἑκατόμβην
1449 2581 1537 2662 Βῆσε
1612 2570 1616 2578 ’

522 2694 609 2779 θεῷ,
640 2689 719 2759 α”νὰ
747 2693 789 2756 δὲ
811 2691 981 2778 Χρυσηΐδα
1003 2687 1228 2782 καλλιπάρῃον
1250 2689 1347 2756 Εἴσεν
1370 2689 1467 2771 ἄγων,
1495 2691 1537 2758 ἐν

524 2806 557 2873 δ’
573 2804 673 2892 ἀρχὸς
695 2808 751 2893 ἔβη
774 2802 951 2892 πολύμητις
968 2804 1147 2883 Ὀδυσσεύς.
1180 2801 1233 2889 (of.
1256 2806 1364 2871 XVIII
1384 2807 1449 2871 478
1469 2827 1535 2889 seq.

523 2927 618 2988 Πολει
633 2923 678 2988 δὲ
695 2921 858 3008 πρώτιστα
874 2919 972 2999 σοι’κος
986 2926 1070 3006 μέγα
1084 2957 1128 2968 -—
1144 2918 1285 3004 reuniri³
1298 2920 1420 3002 ἄντυγα
1434 2920 1537 3005 βάλλε

523 3034 664 3123 φαεινήν
678 3037 857 3124 Τρίπλακα,
871 3042 1062 3124 μαρμαρέην
1076 3034 1118 3102 ἔκ
1132 3034 1162 3101 τ’
1178 3032 1337 3121 ἀργύρεον
1351 3032 1535 3121 τελαμῶνα)

523 3153 560 3216 In
582 3153 870 3236 praepositionibus
892 3153 938 3218 ita
959 3153 993 3217 in
1016 3152 1170 3219 enuntiati
1192 3153 1390 3238 primasede
1405 3153 1536 3220 eollooa·

523 3266 574 3350 tis,
597 3274 633 3333 ut
654 3287 725 3334 oum
742 3268 776 3333 vi
798 3268 976 3350 efferantur,
997 3275 1244 3334 eonsentaneum
1268 3275 1317 3335 est
1338 3269 1449 3335 tmesis
1471 3282 1536 3334 ma·

524 3383 623 3448 iorem
646 3402 719 3448 esse
741 3383 917 3449 libertatem
932 3379 987 3466 (ef.
1001 3383 1031 3450 J.
1040 3383 1099 3449 VH
1110 3382 1185 3448 359.
1209 3384 1239 3446 ri
1253 3380 1289 3446 δ’
1301 3368 1389 3449 ἐτεὸν
1406 3381 1445 3468 δὴ
1460 3383 1535 3448 rori-

524 3520 581 3563 τον
605 3494 672 3562 uiui
697 3498 839 3581 σπονδῆς
861 3493 1034 3582 ἀγορεύεις,
1054 3496 1111 3575 Ἐξ
1134 3497 1199 3582 ἄρα
1214 3493 1256 3582 δή
1269 3520 1319 3561 τοι
1334 3497 1444 3562 ἔπειτα
1458 3502 1537 3563 θεοὶ
1619 3560 1621 3565 ,

524 3616 647 3698 φρένας
675 3612 827 3679 ὤλεσαν
853 3608 956 3678 αὐτοί.
992 3613 1111 3679 V219.
1139 3615 1215 3695 πρίν
1241 3609 1272 3692 χ’
1293 3611 1358 3676 ἐπὶ
1384 3610 1440 3677 νὼ.
1456 3610 1535 3699 τῷδ’

524 3726 622 3813 α’νδρι
645 3725 704 3793 σὺν.
725 3735 869 3794 ἵπποισιν
891 3733 946 3792 καὶ
967 3727 1101 3814 ὄχεσφιν
1113 3725 1274 3813 Ἅντιβλην
1291 3726 1461 3793 ἐλθόντε
1476 3725 1536 3794 οὐν

524 3841 626 3909 ἔντεσι
648 3841 873 3930 πειρηθῆναι),
899 3843 1109 3910 minoremin
1129 3843 1416 3929 praepositionibus
1439 3845 1536 3910 verbo

524 3957 569 4024 ita
591 3958 724 4040 additis,
750 3966 870 4026 utnon
893 3959 957 4024 sint
979 3958 1113 4025 idoneae
1135 3959 1178 4024 ad
1201 3958 1442 4042 distinguendus
1466 3971 1535 4025 sen·

524 4074 650 4140 tentius.
678 4072 731 4158 (ef.
746 4075 776 4142 J.
787 4075 868 4139 XIII
879 4075 954 4141 368.
977 4075 1033 4162 Τῷ
1055 4071 1089 4140 δι’
1103 4068 1121 4138 ὃ
1135 4078 1237 4159 γέρων
1252 4077 1402 4158 Πρίαμος
1416 4069 1488 4140 uiuri
1503 4071 1535 4139 τ’

524 4185 661 4267 ἔσχετο
676 4196 730 4253 καὶ
744 4195 941 4256 κατένευσεν.
964 4189 1133 4256 elveno.
1153 4185 1217 4255 ὑπὸ
1234 4187 1265 4253 δ’
1279 4187 1387 4272 ἔσχετο
1402 4189 1534 4273 μισθόν.
