4117 5234
1031 666 1052 729 2

957 754 1015 761 —
1022 754 1116 761 .-...-—

530 835 633 925 πόόα)
658 839 861 907 ereberrimoo
885 860 957 909 esse
971 848 1081 908 notum
1096 848 1146 909 est
1159 840 1246 929 apud
1261 841 1442 910 Homerum.
1476 844 1543 911 Neo

530 944 646 1024 desunt
667 957 778 1042 epioae
801 957 928 1024 dicendi
951 957 1104 1025 formulae
1119 958 1228 1025 erebro
1243 960 1406 1044 repetitae,
1428 959 1543 1043 quibua

529 1072 590 1139 iate
611 1092 687 1139 usus
709 1073 896 1140 Homericus
918 1074 1010 1139 uobis
1033 1072 1219 1140 familiarior
1239 1075 1304 1140 fiat.
1347 1074 1484 1153 Quamm
1509 1075 1542 1141 iu
1604 1114 1607 1120 ·

528 1209 659 1255 numero
683 1196 732 1254 est
754 1187 846 1254 illud:
874 1189 970 1253 ποῖόν
993 1203 1028 1252 σε
1051 1187 1127 1264 ἔπος
1150 1187 1254 1275 φύγεν
1275 1193 1365 1276 ἕρκος
1388 1187 1541 1267 όόόντων,

527 1302 584 1369 τὸν
611 1303 648 1365 δὲ
679 1303 788 1377 σκότος
822 1298 897 1367 ὄσσε
926 1299 1089 1389 autumer,
1124 1305 1218 1369 κύσσε
1248 1305 1286 1370 δέ
1312 1328 1368 1390 μιν
1396 1305 1543 1392 κεφαλήν

527 1442 561 1482 τε
584 1422 639 1482 καλ
654 1417 752 1502 ἄμφω
772 1418 861 1503 φάεα
879 1413 964 1483 καλοὶ
980 1420 1102 1504 Χεΐροός
1119 1417 1150 1483 τ’
1161 1417 1357 1505 ἀμφοτέρας.
1384 1421 1427 1486 Ut
1442 1421 1474 1487 in
1488 1420 1540 1487 his

528 1534 682 1619 exemplis
705 1534 899 1617 Homericis,
922 1535 969 1602 sio
993 1535 1025 1600 iu
1048 1534 1209 1620 plerisque
1231 1535 1294 1602 duo
1316 1536 1448 1620 obieeta,
1471 1536 1543 1621 pari

526 1650 648 1716 ratione
683 1669 753 1716 eum
780 1650 877 1716 verbo
910 1650 1091 1733 coniuncta,
1126 1650 1207 1716 inter
1240 1671 1275 1717 ae
1306 1652 1393 1717 nullo
1420 1672 1542 1720 oouexa

525 1763 665 1848 viuculo,
692 1764 737 1830 ita
760 1784 795 1830 se
817 1764 988 1849 excipiunt,
1011 1772 1046 1831 ut
1069 1765 1208 1832 seeundo
1231 1766 1371 1851 eorporis
1394 1789 1468 1852 pars
1490 1768 1540 1835 vel

527 1880 631 1947 simile
654 1880 731 1963 quid
754 1879 930 1946 definiatur.
959 1879 999 1947 of.
1014 1881 1044 1947 J.
1060 1881 1124 1945 XX
1141 1882 1194 1948 44.
1230 1884 1343 1965 Τρῶας
1366 1883 1403 1945 δὲ
1425 1883 1541 1969 τρόμος

526 1993 616 2073 αϊνὸς
634 1990 786 2081 ὑπήλυθε
801 2006 891 2075 κοῖα
907 1999 1051 2061 ἕκαστον.
1082 1995 1120 2061 0.
1135 1996 1214 2062 XIX
1230 1997 1305 2063 356.
1328 1996 1348 2082 ή
1363 2014 1397 2060 σε
1413 1997 1489 2063 πόό
1494 2022 1541 2074 ας

443 2128 446 2135 “
525 2114 625 2197 νίψει.
648 2111 695 2176 XI
718 2111 794 2177 578.
816 2112 899 2192 γῦπε
923 2108 1216 2196 otorantinam
1240 2116 1412 2197 παρημένω
1436 2108 1540 2198 ἧπαρ

524 2223 656 2313 ἔκειρον,
679 2262 722 2273 -
750 2227 859 2292 XVIII
881 2227 956 2292 391.
986 2222 1007 2311 ή
1035 2224 1078 2312 ῥά
1106 2243 1140 2291 σε
1169 2228 1258 2303 οἶνος
1285 2225 1350 2309 ἔχει
1380 2232 1540 2314 φρένας.

523 2341 687 2413 J.11171.
710 2340 781 2405 ἐπεί
797 2365 853 2423 μιν
867 2338 948 2423 ἄχος
963 2343 1130 2427 κραόόην
1145 2348 1199 2406 καὶ
1214 2340 1346 2426 θυμόν
1360 2350 1479 2409 ἵκανεν.
1494 2380 1539 2391 -

523 2456 626 2524 V98.
661 2460 715 2521 καὶ
741 2454 821 2540 βάλ’
841 2456 1037 2523 ἐπαΐσσοντα
1064 2455 1169 2540 τυχῶν
1199 2454 1280 2523 κατοὶ
1312 2455 1421 2537 δεξιόν
1449 2453 1540 2542 τόμον

525 2565 710 2658 Θύρήκος
736 2570 897 2653 γύαλον.
932 2572 995 2636 XII
1016 2573 1092 2637 400.
1123 2569 1180 2635 τόν
1211 2569 1244 2637 δ’
1264 2609 1309 2619 -
1333 2576 1472 2660 Τεῦκρος
1494 2610 1539 2622 —-

523 2687 670 2772 βεβλήκει
693 2685 901 2772 τελαμῶνα
924 2693 996 2770 περὶ
1020 2688 1172 2773 στήθεσσι
1195 2683 1343 2773 φαεινόν.
1377 2690 1414 2753 In
1437 2689 1538 2756 tribus

524 2803 672 2886 obiectis,
695 2821 777 2885 quae
800 2823 862 2868 nou
886 2802 966 2868 inter
989 2822 1024 2867 ae
1048 2823 1169 2868 conexa
1192 2804 1269 2887 siut,
1292 2824 1355 2870 non
1378 2812 1454 2889 puto
1477 2823 1536 2870 usu

523 2919 631 2984 venire
653 2918 786 3001 figuram
811 2914 896 2980 καθ’
910 2916 989 2982 ὅλον
1011 2922 1065 2981 καὶ
1087 2914 1169 2981 κατὰ
1187 2922 1292 3002 μέρος.
1326 2920 1435 3002 Neque
1452 2918 1538 2985 euim

523 3032 556 3097 iu
585 3054 622 3100 eo
651 3053 745 3099 versu
771 3032 954 3117 Homerico,
983 3052 1077 3115 quem
1105 3032 1200 3099 huius
1229 3033 1276 3100 rei
1304 3041 1415 3100 testem
1444 3034 1538 3099 affert

494 3238 496 3243 ,
523 3147 690 3214 Bekkerus
715 3147 918 3229 (Monatsber.
939 3147 969 3213 d.
992 3148 1108 3213 Berlin.
1126 3148 1230 3215 Akad.
1249 3150 1343 3214 1860.
1366 3170 1398 3233 p.
1413 3149 1456 3214 98
1472 3155 1536 3214 not.

525 3287 564 3317 =
575 3263 703 3329 Homer.
715 3264 836 3329 Blatter
847 3284 877 3347 p.
887 3260 974 3358 165).
990 3263 1019 3328 J.
1026 3264 1107 3327 XXI
1122 3264 1194 3329 123.
1211 3264 1371 3328 ἐνταυθοῖ
1380 3264 1438 3328 νόν
1449 3273 1536 3328 κετσο

522 3375 594 3463 μετ’
615 3375 759 3461 ἰχθύσιν,
787 3384 820 3441 οἵ
842 3375 873 3442 6³
892 3373 1026 3463 εότειλήν
1049 3375 1129 3459 Αόμ’
1152 3376 1425 3463 ἀπολιχμήσονται
1447 3398 1537 3444 accu-

524 3493 642 3560 sativos
674 3497 722 3570 ot,
751 3490 900 3578 τότειλήν,
930 3489 1011 3575 αἷμα
1034 3494 1126 3577 *paris
1155 3493 1359 3560 iudicandum
1388 3501 1536 3560 estesse

522 3609 699 3694 potestatia
723 3609 779 3675 sed
803 3608 867 3675 alia
889 3608 1011 3674 ratione
1036 3611 1071 3670 σέ
1093 3614 1125 3674 et
1147 3605 1290 3694 ω’τειλήν,
1313 3609 1377 3674 alia
1397 3606 1477 3692 αἷμα
1492 3608 1535 3674 ad

522 3727 652 3791 verbum
676 3722 954 3809 οἷπολιχμήσονται
977 3722 1121 3807 pertinet.
1153 3724 1235 3790 Nam
1258 3723 1299 3789 de
1322 3743 1451 3808 corpore
1467 3723 1536 3796 eive

522 3840 651 3906 vulnere
685 3839 824 3924 eorporis
858 3839 963 3923 pisoes
998 3839 1185 3923 sanguinem
1215 3838 1388 3922 delinguut.
1433 3842 1476 3903 Σέ
1503 3845 1536 3904 et

524 3949 659 4040 τότειλήν
687 3956 788 4021 iocum
818 3960 926 4019 tenent
954 3954 1038 4031 eius,
1060 3938 1151 4037 *quod
1175 3954 1238 4019 diei
1262 3955 1343 4020 solet
1364 3961 1534 4039 „iussores

524 4065 673 4153 ObJekt“‚
696 4067 777 4154 αἷμα
799 4069 878 4152 eiua,
901 4069 985 4152 quod
1009 4070 1157 4154 „iuuereo
1180 4065 1324 4153 Objekt.“

590 4182 755 4263 Quomodo
777 4192 853 4252 nata
876 4184 917 4251 sit
939 4184 1040 4269 figura
1063 4181 1148 4249 καθ’
1161 4182 1240 4249 ὅλον
1262 4188 1317 4248 καὶ
1333 4181 1416 4249 κατὰ
1428 4186 1534 4270 μέρος,
