4117 5234
949 672 1111 773 23.-

523 850 730 934 ιησιωθῆναι
744 841 900 931 άπήμονά
914 841 952 932 μ’
961 843 1068 913 οἴκαδ’
1081 845 1231 926 ἄγεσθαι,
1245 852 1351 915 tamen
1362 868 1535 934 numquam

522 967 609 1049 fitut
619 962 835 1051 iusiurandum
846 961 1039 1030 hemistichii
1048 961 1164 1030 finibus
1174 961 1276 1028 maius
1286 962 1319 1029 in
1327 963 1535 1034 medioversu

524 1079 664 1165 incipiat
686 1078 725 1144 cf.
745 1078 775 1146 J.
793 1077 858 1145 XX
873 1077 948 1146 315.
971 1077 1094 1154 πολέας
1115 1073 1310 1163 ω’μόσσαμεν
1332 1077 1445 1164 ὅρκους
1458 1114 1503 1126 -
1520 1074 1535 1169 ΙΙ

523 1191 657 1281 Μήποδ
671 1193 725 1259 ἐπὶ
747 1194 908 1279 Τρώεσσιν
929 1191 1098 1279 άλεξήσειν
1120 1189 1221 1263 κακόν
1235 1189 1332 1279 ἦμαρ.
1365 1193 1536 1263 xlx-109.

525 1311 598 1378 128.
618 1308 697 1375 175.
720 1310 796 1376 261.
818 1345 863 1356 -
886 1308 1032 1392 Denique
1062 1307 1138 1375 indo
1165 1316 1300 1395 apparet
1323 1329 1450 1378 versum
1473 1311 1537 1379 Ho-

522 1425 674 1493 mericum
697 1423 743 1490 uti
766 1422 1000 1509 quodammodo
1021 1429 1135 1489 natura
1157 1424 1291 1490 membri
1312 1425 1463 1492 orationis
1480 1422 1536 1511 (cf.

523 1539 673 1626 θερμαὶ,
695 1540 774 1606 uber
796 1538 859 1605 den
876 1539 987 1623 Urspr.
1002 1538 1060 1605 der
1082 1537 1200 1605 homer.
1216 1536 1291 1604 Ges.
1314 1560 1345 1624 p.
1361 1539 1426 1606 226
1443 1535 1536 1624 extr.)

522 1654 608 1738 quod
635 1653 812 1722 sententiae
834 1673 906 1737 cce,
934 1653 1048 1737 quibus
1072 1659 1271 1739 exponuntur
1291 1654 1389 1720 verba
1410 1673 1537 1739 praece·

522 1771 632 1838 dontio
659 1769 762 1854 magis
791 1769 824 1835 in
852 1769 1034 1837 universum
1064 1769 1162 1853 dictu,
1193 1775 1227 1836 ut
1253 1789 1356 1855 pansa
1378 1768 1537 1839 disiuncta

522 1887 563 1952 ab
580 1885 637 1970 eis,
659 1905 742 1974 quae
758 1883 961 1971 praecedunt,
983 1905 1110 1953 versum
1125 1885 1285 1952 ineuntem
1301 1892 1409 1953 tenere
1424 1886 1535 1972 solent,

521 2002 607 2069 velut
629 2001 663 2068 in
684 2000 750 2068 his:
772 2000 801 2067 J.
817 2000 912 2066 XXII
928 2001 1003 2068 396.
1020 1998 1064 2066 Ἦ
1083 1999 1127 2089 ῥα
1150 2006 1203 2065 καὶ
1217 2001 1352 2087 Ἕκτορα
1375 2001 1448 2067 δῖον
1463 1998 1536 2066 άει·

522 2119 581 2183 νέα
609 2115 727 2203 μήδετο
755 2114 844 2200 ἔργα.
866 2110 881 2201 ΙΙ
901 2112 1110 2203 Ἀμφοτέριον
1136 2116 1316 2199 μετόπισθε
1343 2116 1455 2182 ποδῶν
1481 2120 1535 2182 τέ-

521 2255 615 2317 τρηνε
637 2238 696 2299 cet.
730 2231 768 2299 Ο.
783 2232 827 2297 IV
842 2231 918 2297 444.
940 2255 984 2279 -’
1007 2231 1173 2316 ἐφράσατο
1195 2227 1268 2313 μέγ’
1284 2229 1404 2313 ὄνειαρ.
1419 2224 1435 2316 ΙΙ
1452 2227 1534 2316 Ἀμ-

521 2348 656 2432 βροσλρν
682 2341 746 2411 όπδ
776 2344 850 2430 ῥῖνα
877 2343 998 2432 ἑκάστῳ
1025 2345 1110 2430 θῆκε
1138 2349 1197 2411 cei.
1240 2343 1316 2412 529.
1346 2341 1472 2411 Λότλιια
1500 2342 1533 2410 δ’
1659 2335 1661 2339 ⁴

522 2463 685 2542 Αἴγισθος
708 2459 822 2544 δολλρν
838 2459 1027 2545 7ἐφράσσατο
1049 2463 1172 2546 τέχνην.
1194 2454 1211 2547 Η
1231 2461 1429 2546 Κρινάμενος
1450 2456 1534 2525 ιιατά

524 2576 627 2661 δῆμον
655 2574 769 2639 ἒελιιοσι
796 2576 908 2662 φάτας
936 2581 994 2642 cel.
1034 2575 1139 2658 Atque
1164 2576 1247 2644 hanc
1275 2576 1403 2660 quidem
1429 2577 1542 2669 legemJ

522 2691 619 2758 etiam
634 2695 758 2756 veteres
773 2689 918 2756 videntur
940 2691 1083 2774 novisse:
1106 2691 1135 2758 si
1157 2691 1286 2774 quidem
1308 2690 1351 2757 ad
1365 2691 1395 2758 J.
1405 2689 1442 2758 ἸΙ
1457 2693 1533 2780 308,

522 2828 615 2891 quem
637 2807 740 2872 locum
763 2824 847 2871 nnnc
868 2804 916 2871 sic
937 2804 1088 2889 legimus:
1105 2800 1202 2870 Ἔνθ’
1216 2805 1320 2892 ἐφάνη
1335 2810 1417 2892 μέγα
1434 2810 1532 2893 σῆμα·

523 2920 653 3009 δράκων
679 2921 731 2987 ἐπὶ
753 2921 840 2986 νῶτα
862 2915 1036 3007 δαφοινός,
1063 2920 1280 3005 Σμερδαλέος,
1307 2919 1365 2987 τόν
1387 2919 1420 3006 ῥ’
1435 2918 1534 3000 αότδς

518 3035 690 3122 Ὀλύμπιος
716 3030 772 3122 ἤιιε
795 3035 941 3121 φόωσδε,
969 3041 1092 3119 Βωμοῦ
1114 3031 1256 3116 ὑπαΐξας
1276 3037 1357 3123 πρός
1380 3035 1423 3125 ῥα
1445 3038 1532 3104 πλα-
1587 3039 1592 3047 ’

409 3215 417 3230 ,
520 3151 670 3218 τάνιστον
698 3145 834 3236 ὄρουσεν
863 3149 944 3216 haec
972 3149 1103 3243 annotet
1130 3152 1234 3219 Schol.
1254 3153 1292 3218 A.
1321 3148 1394 3237 (neo
1422 3153 1531 3220 dubito

522 3267 598 3350 quin
612 3250 727 3347 reclei:
751 3315 766 3350 ‚,
772 3266 884 3349 βωμοῦ
906 3263 971 3352 ἄρ’
985 3264 1094 3352 ἑτέρας
1109 3264 1218 3353 α’ρχῆς.
1248 3265 1420 3344 ἀσύνδετος
1434 3264 1497 3354 γάρ
1513 3267 1531 3335 ὃ

522 3380 625 3462 λόγος.
654 3377 781 3446 διὸκαὶ
803 3379 929 3445 τελείαν
951 3384 1093 3445 στιιιτέον
1115 3381 1169 3446 inl
1190 3379 1225 3446 τὸ
1249 3375 1306 3468 ἧκε
1323 3357 1481 3469 φόωσδε.“

556 3562 558 3565 ,
587 3494 841 3562 Consentaneum
863 3502 912 3563 est
933 3495 967 3560 in
990 3496 1194 3563 collocatione
1216 3497 1440 3582 particularum
1455 3499 1531 3568 dua·

520 3632 599 3695 rum,
621 3628 703 3694 quae
725 3613 907 3678 necessaria
926 3611 1048 3684 ratione
1063 3612 1366 3696 minoresorationis
1381 3614 1530 3683 articulos

520 3726 720 3811 coniungant,
743 3732 855 3793 natura
870 3746 980 3794 versus
995 3726 1157 3793 Homerici
1175 3726 1267 3811 effici,
1290 3733 1324 3794 ut
1340 3728 1433 3796 unius
1449 3731 1531 3797 eius·

520 3841 656 3925 demque
685 3860 795 3909 versus
823 3840 938 3909 finibus
967 3863 1023 3909 eas
1051 3842 1203 3909 contineri
1232 3863 1363 3910 necesse
1393 3843 1444 3910 sit.
1487 3845 1530 3912 ut

520 3957 666 4024 convenit
692 3976 769 4024 usus
797 3957 1022 4041 particularum
1050 3957 1284 4024 coniuncturum
1312 3960 1348 4022 τέ
1368 3995 1412 4005 -
1434 3963 1469 4025 τέ
1496 3966 1529 4028 et

520 4059 555 4135 τέ’
567 4107 612 4119 -
627 4074 682 4135 καλ
700 4079 920 4158 usurpatorum
936 4073 979 4140 ad
994 4073 1172 4159 copulanda
1187 4073 1249 4140 duo
1264 4073 1401 4141 nomina.
1424 4074 1528 4152 Quum

520 4185 604 4279 enirn
627 4206 725 4272 saepe
746 4187 880 4282 accidat,
902 4195 937 4259 ut
959 4209 1017 4275 per
1039 4189 1209 4277 particulos
1232 4193 1266 4256 τέ
1288 4197 1320 4259 et
1340 4192 1396 4257 καλ
1412 4211 1528 4266 nomeu
