4117 5234
953 697 1114 793 A

525 866 604 939 οὔτε
631 872 789 957 μεθιέμεν
804 871 934 958 Ἕκτορι
958 874 1056 957 νίκην.
1091 870 1290 954 Quamquam
1312 871 1397 939 enim
1420 873 1455 940 in·
1474 893 1538 940 mo·

526 988 613 1055 diam
641 987 812 1054 orationem
836 988 972 1055 vocativi
1000 988 1047 1053 ita
1075 987 1172 1055 inseri
1198 995 1345 1074 possunt,
1371 995 1407 1055 ut
1427 1007 1538 1056 vocem

527 1102 702 1170 encliticam
725 1102 894 1187 seiungant
915 1104 955 1169 ab
979 1124 1017 1170 eo
1040 1104 1182 1188 nomine,
1209 1104 1252 1170 ad
1275 1104 1360 1187 quod
1383 1104 1539 1189 pertineat

525 1214 578 1301 (of.
594 1216 632 1283 Ο.
647 1218 727 1283 XIX
743 1219 818 1284 215.
847 1220 919 1285 Νῦν
940 1222 1000 1302 μὲν
1016 1216 1057 1311 δὴ
1082 1219 1148 1285 σεῦ
1171 1222 1278 1298 ξετνέ
1298 1217 1333 1300 γ’
1348 1213 1409 1284 ὀΐω
1426 1219 1538 1305 mapa?-
1560 1210 1562 1214 ¹
1615 1209 1619 1220 “

524 1336 652 1397 arceat.
679 1333 797 1400 Herod.
812 1335 827 1398 I
844 1335 898 1401 39.
919 1334 1095 1421 Συγγνώμη
1113 1338 1184 1417 μὲν
1199 1330 1343 1420 ὦπάτερ
1359 1339 1428 1401 τοι.
1457 1335 1537 1401 Plat

523 1448 601 1532 Leg.
618 1450 683 1514 683
698 1449 735 1514 Β.
758 1451 800 1514 Εἰ
818 1450 915 1529 γοῦν
937 1447 964 1513 ὦ
988 1453 1059 1528 ξένε
1081 1474 1138 1525 τις
1160 1445 1235 1534 ἡμῖν
1257 1445 1430 1532 ὖτοόσχοιτο
1448 1450 1537 1526 θεός.

524 1564 833 1649 Εοο.Ιρ11.Τ.336.
862 1565 959 1648 εὔχου
986 1565 1023 1630 δὲ
1045 1560 1217 1630 τοιάδίὖ
1239 1565 1331 1629 νεᾶνί
1352 1582 1414 1629 σοι
1437 1568 1538 1645 ξένων

524 1655 655 1764 Epopea
683 1690 843 1765 nocetam.
877 1681 993 1748 Bacch.
1017 1681 1113 1747 1120.
1143 1682 1314 1763 οἴκτειρε
1343 1678 1537 1766 δ’ὦμῆτέρ

523 1819 578 1879 με.
601 1796 665 1862 vid.
677 1796 813 1879 Bekker,
828 1796 1036 1864 Homerioche
1051 1797 1170 1863 Blatter
1184 1818 1216 1882 p.
1228 1797 1293 1862 268
1307 1816 1374 1879 seq.
1392 1795 1437 1861 cf.
1449 1788 1537 1859 ἀλλ’

524 1906 585 1991 ἄγε
606 1935 672 1995 μοι
695 1908 770 1977 τόδε
792 1912 861 1977 εἰπὲ
879 1916 931 1977 καὶ
948 1910 1105 1996 α’τρεκέως
1120 1912 1300 1990 κατάλεξον
1316 1906 1365 1996 [0.
1376 1911 1424 1976 XI
1438 1904 1538 1995 140]),

523 2032 630 2093 tamen
664 2027 839 2094 sententiae
872 2034 945 2114 poet
972 2028 1151 2095 vocativum
1185 2027 1367 2112 incipientis
1401 2026 1537 2113 primam

524 2142 632 2209 eedem
660 2164 723 2209 non
746 2150 823 2228 puto
846 2143 1005 2210 divertam
1029 2164 1102 2210 esse
1125 2165 1146 2209 a
1168 2149 1282 2209 natura
1304 2143 1427 2227 primae
1449 2142 1537 2210 sedit

523 2258 676 2325 enuntiati
699 2259 823 2343 integri.
854 2255 1108 2350 (Tantummodo
1129 2259 1171 2324 de
1198 2258 1247 2323 eie
1268 2258 1436 2342 vocalium,
1466 2266 1538 2343 poet

524 2392 603 2454 quos
632 2374 790 2440 sententia
812 2374 937 2459 incipit,
965 2380 1051 2440 recte
1073 2372 1259 2458 Apollonius
1281 2372 1342 2439 hoc
1364 2372 1441 2439 dicit
1463 2373 1484 2439 l.
1506 2373 1537 2440 d.

523 2484 705 2572 „eudemone
728 2486 763 2553 οἱ
784 2485 1008 2575 ἕνκλινόμενοιι
1030 2485 1111 2572 μετὰ
1134 2488 1280 2574 aitpoeta
1301 2491 1464 2567 τίθενται,
1489 2488 1537 2554 ὅτι

524 2599 567 2686 μὴ
594 2599 698 2686 μόνον
724 2599 743 2689 ἢ
765 2607 822 2688 μοί
843 2604 927 2669 κατὰ
948 2605 1077 2689 πρῶτον
1099 2604 1272 2689 πρόσωπον
1295 2601 1352 2669 διὰ
1373 2604 1537 2691 φιλοφρό-

523 2733 627 2804 νησιν·
662 2715 834 2806 Πάτροκλέ
870 2743 925 2804 μοι
960 2719 1050 2812 δειλῇ
1058 2715 1098 2801 ι1).
1143 2719 1204 2786 uui
1237 2721 1413 2788 sententiae
1445 2741 1535 2806 unus,

524 2840 674 2917 quantum
698 2835 813 2920 eciam,
835 2835 888 2902 hic
909 2836 1097 2920 hymnorum
1120 2835 1357 2902 Homericorum
1380 2837 1468 2903 loeus
1489 2857 1536 2903 re

523 2956 657 3034 pugnat:
680 2950 813 3017 IVVen.
831 2951 859 3015 1.
883 2946 1005 3016 Μοῦσοὶ
1026 2972 1083 3034 μοι
1105 2949 1218 3017 ἔννεπε
1238 2949 1317 3036 ἔργα
1332 2952 1535 3037 πολυχρύσου
1669 2997 1674 3003 -

521 3060 722 3151 Ἀφροδίτης,
748 3066 781 3131 in
804 3084 866 3148 quo
889 3065 985 3132 etiam
1009 3065 1088 3132 illud
1111 3066 1281 3134 insolenter
1302 3068 1426 3151 accidit,
1450 3067 1535 3151 qnod

523 3181 625 3265 primo
640 3182 792 3248 vocabulo
814 3202 877 3247 non
900 3202 939 3248 ea
961 3181 1034 3266 ipsa
1052 3202 1104 3248 ree
1118 3182 1306 3268 nominatur,
1329 3204 1424 3267 quarn
1439 3190 1535 3270 polita

524 3296 662 3364 carmine
674 3296 814 3363 dicturus
828 3303 885 3364 est.
908 3296 948 3363 of.
963 3318 989 3363 c.
1000 3298 1048 3363 ΠΙ
1063 3298 1169 3376 §2in
1190 3298 1301 3382 Neque
1313 3300 1396 3366 enim
1412 3307 1468 3367 aut
1482 3300 1534 3367 hic
1657 3377 1659 3381 .

523 3410 634 3477 Iliadis
657 3412 744 3479 locus
765 3413 966 3491 advertatur:
987 3413 1069 3477 XIX
1084 3413 1159 3479 287.
1183 3414 1352 3499 Πάτροκλέ
1370 3438 1426 3498 μοι
1446 3414 1534 3507 δεινῇ

524 3525 672 3592 πλιτστον
699 3530 903 3612 κεχαρισμένε
932 3530 1044 3617 θυμῷ,
1074 3528 1107 3593 in
1136 3548 1198 3612 qno
1227 3529 1255 3595 oi
1282 3550 1346 3595 non
1374 3529 1534 3615 Apollonii

522 3642 680 3708 sententia
701 3642 865 3728 probanda
887 3650 950 3728 est,
976 3644 1031 3727 qni
1054 3642 1193 3711 dativum
1217 3649 1332 3728 poteo
1354 3645 1448 3712 modo
1472 3651 1534 3713 eta·

522 3764 611 3825 tuere
632 3757 756 3825 videtur
782 3758 926 3825 additum
949 3780 1036 3844 esee,
1065 3780 1126 3843 quo
1149 3760 1182 3825 in
1204 3761 1264 3827 hoc
1283 3732 1426 3827 Platonis
1449 3762 1532 3829 loco:

520 3872 641 3940 Phileb.
658 3874 702 3940 54
717 3874 753 3939 B.
778 3874 913 3939 Τοιόνδε
936 3898 966 3939 τι
989 3874 1080 3955 λέγω,
1103 3872 1131 3941 ὦ
1152 3876 1331 3960 Πρώταρχέ
1351 3900 1416 3958 μοι,
1438 3883 1472 3943 at
1494 3897 1532 3945 eo

521 3995 689 4055 excusatur
716 3988 816 4056 dativi
843 3994 901 4076 pot
925 3973 1103 4076 collocatio,
1131 3992 1217 4074 quod
1239 3998 1323 4058 totus
1345 3991 1399 4059 ille
1420 4011 1532 4061 verene

521 4123 577 4189 pro
600 4124 662 4171 ono
686 4106 825 4171 membro
848 4105 1000 4173 orationis
1023 4113 1081 4191 est,
1104 4101 1212 4174 aut'ei
1226 4107 1289 4173 loci
1303 4107 1455 4192 Platonis,
1477 4108 1532 4191 qni

521 4225 609 4285 tunt:
632 4217 686 4304 (cf.
700 4219 768 4305 Ast,
791 4220 871 4287 Plat.
883 4221 983 4307 Legg.
995 4222 1040 4288 IV
1052 4224 1081 4289 l.
1103 4222 1249 4307 Krueger
1262 4223 1333 4309 Spr.
1349 4222 1434 4308 tto,
1450 4224 1480 4307 3,
1497 4218 1531 4307 8)
