4117 5234
897 720 902 725 ι
946 671 1107 768 ..m

521 844 723 918 0.111475.
750 846 876 921 Παῒδες
909 845 995 930 ἐμοί,
1030 846 1088 927 ἄγε
1116 840 1294 932 Τηλεμάχῳ
1329 845 1534 934 καλλίτριχας

522 967 640 1050 ἵππους
652 958 813 1039 Ζεάξαδ’.
846 961 876 1028 δ.
892 962 968 1027 VIII
985 962 1058 1039 139,
1082 960 1231 1046 Τυδείδη,
1252 959 1311 1040 ἄγε
1327 959 1358 1026 δ’
1375 958 1453 1027 αὖτε
1468 958 1534 1048 φό-

521 1074 616 1160 βονδ
630 1073 684 1157 ἔχε
706 1074 857 1160 μώνυχας
879 1082 1007 1153 ἵππους.
1040 1077 1149 1143 XXIV
1163 1074 1239 1142 406.
1262 1078 1304 1139 Εἰ
1323 1078 1384 1159 μὲν
1406 1076 1446 1162 δὴ
1471 1080 1535 1142 θε-

522 1190 637 1276 ράπων
649 1191 847 1277 Πηληϊάδεω
859 1190 1006 1280 Ἀχιλῆος
1027 1194 1095 1271 Εἷς,
1119 1192 1177 1273 ἄγε
1197 1192 1238 1276 δή
1254 1213 1309 1275 μοι
1324 1192 1434 1258 πάσαν
1450 1190 1533 1277 άλη-

522 1310 619 1392 θελην
641 1302 833 1386 κατάλεξον,
860 1317 1029 1394 propterea
1051 1308 1136 1392 quod
1158 1308 1236 1374 addi
1258 1309 1338 1375 solet
1360 1308 1536 1393 sententiis,

523 1442 605 1505 quae
625 1424 665 1489 ab
687 1422 814 1489 incunte
828 1444 921 1490 versu
937 1424 1143 1508 descendunt,
1160 1423 1227 1491 fero
1242 1444 1368 1509 semper
1381 1425 1536 1510 reperitur

448 1521 457 1539 ’
520 1537 556 1602 in
576 1537 718 1604 secunda
739 1539 825 1606 sede.
849 1539 889 1605 cf.
904 1540 1005 1606 J.VII
1020 1541 1096 1607 299.
1122 1541 1223 1623 Δῶρα
1243 1536 1276 1603 δ’
1297 1538 1352 1619 ἄγ’
1367 1536 1537 1626 α’λλήλοισι

524 1650 662 1736 δώομεν.
695 1654 772 1719 XIV
786 1655 862 1720 414.
884 1657 956 1721 Nata·
978 1653 1011 1720 δ’
1034 1653 1090 1736 ἄγ’
1110 1656 1147 1722 ἐν
1169 1656 1315 1743 φιλότητι
1338 1660 1535 1741 τραπείομεν.

522 1768 661 1834 111673.
680 1765 757 1832 Εἶτ’
771 1768 829 1850 ἄγε
843 1767 891 1853 μ’.
924 1771 962 1835 In
978 1791 1015 1837 eo
1031 1771 1217 1840 Callimachi
1232 1774 1310 1855 loco,
1326 1772 1381 1854 qui
1396 1778 1459 1838 cst:
1482 1768 1536 1854 (cf.

522 1882 671 1950 Meineke
685 1884 728 1949 ad
743 1883 774 1949 h.
786 1884 806 1949 l.
821 1880 923 1968 N'ake,
947 1885 1106 1971 Opusc.II
1128 1907 1160 1971 p.
1175 1884 1231 1971 ’11)
1247 1886 1277 1951 h.
1288 1881 1449 1954 Dian.8l.
1469 1886 1537 1953 lct-

524 1998 657 2075 κλωπες,
677 2002 732 2062 καὶ
746 2002 802 2082 μολ
817 2022 847 2063 τι
861 1999 1039 2079 Κυδώνιον,
1055 2002 1086 2065 εἰ
1099 1999 1134 2068 δ’
1150 1998 1220 2083 ἄγε,
1235 2004 1331 2081 τόξον
1352 2044 1386 2055 -
1405 2005 1537 2082 τεύξατε

522 2113 601 2179 illud
630 2114 660 2178 ελ
688 2113 720 2180 δ’
740 2111 800 2195 ἄγε
828 2115 860 2180 in
883 2136 922 2181 ca
945 2117 1022 2183 sede
1046 2118 1232 2184 collocatum
1255 2125 1317 2202 est,
1344 2140 1365 2184 a
1388 2139 1451 2202 qua
1474 2140 1537 2185 non

524 2229 619 2296 modo
642 2231 672 2295 ai
694 2226 803 2311 ‹i'oiye
824 2232 1035 2316 Homericum,
1059 2235 1144 2317 quod
1160 2254 1287 2319 semper
1300 2234 1434 2320 primam
1451 2240 1538 2301 tenet

419 2407 422 2413 .
524 2346 643 2428 sedem,
667 2366 859 2429 quamquam
882 2348 978 2415 etiam
993 2348 1048 2434 ita,
1071 2357 1106 2416 ut
1125 2352 1165 2417 ab
1181 2371 1219 2417 eo
1234 2338 1366 2436 incipiat
1381 2349 1538 2416 sententia

524 2460 676 2547 primaria
692 2462 913 2530 secundariam
929 2485 1066 2548 sequens
1091 2461 1144 2550 (of.
1160 2466 1189 2532 J.
1204 2466 1300 2531 XXII
1315 2466 1391 2530 379.
1411 2460 1537 2549 Ἐπειδὴ

524 2575 614 2643 τόνδ’
631 2576 737 2663 ἄνδρα
759 2580 835 2643 θεολ
852 2576 1069 2666 δαμάσασθαι
1084 2578 1211 2644 ἔδωκαν
1227 2615 1269 2629 -
1290 2620 1324 2631 -
1342 2580 1384 2644 EI
1398 2573 1432 2643 δ’
1448 2574 1538 2660 ἄγετ’

526 2687 612 2775 ἀμφὶ
638 2693 734 2760 πόλιν
763 2692 820 2760 σὺν
846 2694 968 2775 τεύχεσι
994 2691 1237 2780 πειρηθῶμεν),
1267 2694 1325 2762 scd
1354 2694 1449 2761 ctiam
1478 2692 1538 2772 ἄγε

526 2808 664 2875 alienum
688 2809 739 2876 sit.

593 2925 637 2991 Ut
658 2924 813 3009 particula
836 2924 873 2989 δέ
894 2946 915 2990 a
937 2924 1077 2991 secunda
1099 2922 1176 2991 sede
1199 2922 1232 2987 in
1254 2922 1379 2990 tertiam
1399 2922 1536 3008 recedat,

527 3040 613 3126 apud
635 3041 807 3108 Homerum
830 3039 991 3106 rarissime
1018 3039 1063 3114 fit.
1099 3036 1158 3123 (of.
1181 3038 1323 3122 Bckker,
1345 3039 1536 3106 Moncisber.

528 3156 558 3221 d.
571 3157 652 3222 Berl.
665 3154 768 3221 Akad.
786 3155 870 3221 1861
887 3176 918 3240 p.
931 3156 1015 3221 1037
1037 3156 1118 3244 Arm.
1139 3179 1178 3209 =
1197 3154 1403 3221 Homerischc
1418 3155 1538 3221 Blatter

527 3293 559 3357 p.
575 3268 660 3355 286)
694 3270 820 3337 Accidit
843 3275 949 3336 autem
972 3271 1033 3354 ita,
1061 3277 1095 3335 ut
1118 3271 1302 3337 subiiciatur
1323 3276 1354 3336 et
1376 3270 1537 3353 vocabulo,

528 3388 579 3453 oui
607 3386 770 3472 praecedit
796 3406 969 3471 pronomen
993 3381 1024 3470 ὅ,
1056 3386 1084 3451 si
1111 3407 1284 3471 pronomen
1307 3384 1325 3450 ὁ
1347 3388 1388 3452 ab
1414 3384 1539 3452 articuli

527 3508 640 3569 natura
663 3503 805 3588 proxime
821 3504 912 3569 abest
926 3497 979 3586 (cf.
994 3501 1024 3567 J.
1036 3502 1052 3565 I
1066 3501 1119 3567 54.
1145 3505 1191 3593 Τῇ
1207 3501 1321 3593 δεκάτῃ
1337 3498 1379 3565 δ’.
1408 3500 1445 3566 0.
1457 3499 1538 3564 XIX

529 3620 604 3685 202.
635 3620 682 3709 Τῇ
710 3616 953 3708 τρισκαιδεκάτῃ
976 3614 1018 3681 δ’.
1051 3617 1144 3682 XVII
1168 3617 1219 3682 14.
1241 3614 1279 3681 ‘0
1302 3621 1407 3695 ξεῖνος
1430 3612 1482 3697 δ’)
1506 3620 1538 3679 et

529 3734 689 3817 vocabulo,
713 3735 764 3800 cui
786 3733 949 3819 praecedit
970 3752 1055 3816 vcra,
1078 3752 1173 3815 quam
1196 3732 1318 3815 dicunt,
1344 3729 1537 3815 praepositio

433 3855 453 3912 .'
530 3845 583 3931 (cf.
604 3849 633 3915 J.
651 3849 712 3915 VH
733 3850 807 3915 248.
831 3848 867 3913 ἓν
888 3847 925 3938 τῇ
947 3844 979 3911 δ’
1001 3845 1162 3939 ἑβδομάτῃ
1186 3845 1273 3933 ῥινῷ.
1310 3846 1385 3909 VIII
1405 3844 1480 3909 545.
1503 3842 1537 3906 δκ

529 3962 643 4038 πόλιος
665 3957 708 4028 δ’.
742 3963 900 4030 Ο.Ι212.
924 3962 958 4027 εἰι
981 3963 1038 4027 τοῦ
1061 3960 1102 4027 δ’.
1135 3956 1537 4045 Χ518.ἀμφάὐιῷαα

528 4078 605 4143 XIV
622 4079 695 4143 120.
718 4077 772 4143 ἐπὶ
794 4073 898 4143 πολλά
925 4075 967 4141 δ’.
1006 4077 1114 4142 XVIII
1130 4076 1204 4141 253.
1226 4072 1306 4158 μετά
1330 4085 1411 4139 τοῖσι
1434 4068 1481 4156 δ’)
1506 4080 1539 4141 ot

529 4193 705 4278 vocabuli8‚
733 4194 888 4276 quaeita
914 4193 1096 4277 cohaerent,
1127 4199 1161 4258 ut
1182 4194 1248 4275 τρὶς
1270 4187 1413 4273 μάκαρες
1434 4190 1467 4254 in
1490 4210 1538 4273 e0,
