4117 5234
1057 692 1097 757 10

502 850 505 853 ’
569 869 706 955 ἄνδρες.
727 866 793 937 Sed
814 869 895 937 haee
911 870 1020 937 nesoio
1036 889 1078 936 an
1093 869 1180 937 nuda
1195 867 1402 936 similitudine
1416 870 1581 937 ooniunoto

566 986 634 1052 sint
656 1005 726 1052 oum
750 1004 788 1053 eo
811 986 960 1069 loquendi
978 1006 1104 1070 genere,
1127 984 1168 1051 de
1183 1004 1245 1067 quo
1260 984 1396 1068 agimus.
1427 985 1582 1051 Videntur

569 1102 653 1168 enim
677 1101 724 1167 sio
746 1108 938 1186 comparata,
965 1108 999 1165 ut
1021 1101 1166 1166 additum
1188 1120 1303 1167 nomen
1325 1095 1408 1186 άνήρ
1431 1101 1581 1183 quodam·

569 1217 664 1283 modo
684 1216 878 1302 pronominis
897 1216 1052 1282 indefiniti
1067 1218 1170 1283 locum
1184 1223 1300 1300 teneat,
1321 1217 1406 1282 velut
1420 1216 1449 1281 J.
1461 1216 1493 1280 Π
1506 1216 1581 1283 701.

569 1328 628 1398 τὸν
651 1329 683 1396 δ’
699 1329 812 1397 ἔκτανε
826 1332 999 1416 Δάρδανος
1021 1328 1105 1416 α’νήρ
1124 1332 1296 1416 significari
1311 1338 1446 1416 apparet
1459 1331 1581 1398 Darda·

497 1537 498 1540 Ἴ
568 1465 679 1512 norum
708 1446 856 1529 aliquem.
900 1448 971 1513 Hao
993 1448 1077 1513 enim
1100 1447 1222 1513 ratione
1244 1446 1467 1532 explicandum
1490 1446 1579 1532 duoo,
1698 1497 1701 1501 -

567 1562 654 1646 quod
677 1561 730 1627 ubi
745 1559 932 1629 vocabulum
950 1558 1034 1647 άνήρ
1051 1562 1147 1628 simili
1162 1562 1255 1628 modo
1270 1561 1406 1646 additur,
1429 1562 1580 1630 articulus

566 1696 740 1759 numquam
755 1697 818 1742 non
834 1677 933 1743 deest.
957 1674 1011 1761 (oi.
1027 1677 1221 1763 Bernhardy,
1243 1678 1331 1763 Synl.
1348 1699 1379 1763 p.
1391 1678 1432 1744 51
1449 1684 1513 1744 not.
1526 1679 1579 1745 84.

568 1791 665 1877 ,Aut
683 1791 746 1859 den
775 1792 853 1881 Sinn
881 1792 968 1858 einer
995 1791 1131 1859 leiohten
1157 1792 1387 1859 vertrauliohen
1410 1793 1580 1877 Wendung

568 1908 634 1974 und
667 1908 754 1973 nioht
782 1908 871 1974 eines
900 1907 1061 1974 ehrenden
1088 1907 1259 1974 Pr'atdikats
1287 1908 1374 1996 fdhrt
1401 1909 1483 1975 auoh
1512 1909 1580 1975 der

568 2023 806 2109 besttndige
827 2021 983 2108 Mangel
1012 2023 1081 2090 des
1104 2024 1284 2091 Artikels
1313 2024 1351 2089 in
1374 2024 1480 2091 allen
1503 2025 1579 2091 sol·

564 2139 664 2207 ohen
689 2117 1001 2226 Verbindun'gen
1023 2139 1092 2204 mit
1120 2132 1230 2224 άνήρ.
1262 2139 1302 2205 of.
1324 2140 1458 2224 Porsen,
1487 2141 1578 2207 Miso.

567 2278 599 2343 p.
621 2250 692 2322 34.“
729 2255 759 2322 J.
772 2255 800 2320 V
815 2255 891 2321 649.
915 2252 1047 2340 ’Λνέρος
1074 2248 1275 2346 ἀφραδίῃσιν
1296 2252 1424 2336 άγαυοῦ
1445 2258 1579 2340 Λαομέ-

567 2372 691 2446 δοντος.
729 2371 777 2435 XI
799 2370 852 2436 92.
880 2371 932 2435 ἕλε
962 2368 998 2435 δ’
1017 2370 1124 2455 ἄνδρα
1145 2367 1291 2456 Βιήνορα
1319 2374 1457 2455 ποιμένα
1480 2370 1578 2436 λάων.
1698 2410 1703 2421 =

567 2487 679 2552 XXIII
691 2485 766 2551 470.
784 2485 888 2550 δοκέει
903 2484 940 2549 δέ
953 2510 1009 2569 μοι
1024 2484 1160 2571 ἔμμεναι
1174 2484 1255 2571 άνήρ
1268 2481 1283 2573 ll
1296 2484 1443 2562 Αἰτωλὸς
1457 2483 1576 2571 γενεήν,

566 2598 647 2686 μετά
679 2599 714 2667 δ’
733 2598 921 2687 Ἀργείοισιν
950 2598 1099 2677 ἀνάσσει,
1134 2601 1257 2676 Τυδέος
1285 2597 1473 2684 ἱπποδάμου
1500 2596 1578 2678 υἷάς,

565 2715 723 2803 κρακερδς
737 2719 911 2805 Διομήδης.
939 2716 976 2782 0.
988 2717 1031 2781 IV
1044 2717 1096 2781 63.
1119 2712 1249 2799 άνδρῶν
1263 2720 1355 2797 μένος
1369 2716 1438 2781 lost
1453 2715 1577 2796 διοτρε-

567 2836 657 2919 φέων
678 2832 842 2918 βασιλήων
856 2833 1081 2919 Σκηπτούχων.
1111 2832 1171 2898 VH
1186 2832 1238 2897 22.
1262 2827 1319 2896 οὐκ
1342 2831 1384 2895 ἄν
1405 2854 1461 2914 μοι
1476 2831 1578 2915 δόμον

567 2946 682 3034 α’νέρος
710 2944 842 3036 ήμήσαιο
865 2947 1043 3016 Ἀλκινόου.
1082 2945 1199 3013 Herod.
1214 2947 1291 3013 VIII
1310 2947 1362 3013 82.
1390 2941 1466 3031 ήρχε
1492 2942 1576 3033 άνήρ

566 3061 768 3148 Παναίτιος.)
800 3064 888 3141 Quae
903 3084 978 3129 vero
995 3067 1116 3128 restant
1130 3063 1277 3147 exempla
1291 3084 1311 3128 a
1325 3062 1576 3145 Naegelshoohio

566 3181 672 3264 allata,
695 3177 844 3263 βασιλεὺς
860 3176 955 3257 ἄναξ,
978 3174 1106 3264 ήνίοχος
1119 3179 1287 3264 θεράπων,
1307 3198 1413 3244 eorum
1429 3179 1463 3242 in
1477 3178 1576 3244 altero

567 3303 643 3384 puto
667 3296 701 3361 id
723 3317 852 3380 nomen,
876 3293 960 3377 quod
983 3293 1143 3379 inpriore
1166 3295 1234 3359 looo
1257 3294 1395 3379 positum
1418 3299 1481 3376 est,
1504 3311 1576 3359 esse

567 3412 768 3479 aureorum.
805 3410 844 3476 af.
867 3409 1099 3493 ρατιιεωερις,
1125 3406 1364 3493 sustratum.
1399 3410 1428 3475 J.
1449 3409 1481 3473 Π
1502 3391 1576 3474 188.

567 3528 677 3594 ὅντινα
699 3530 760 3611 μὲν
781 3526 921 3611 βασιλῆα
943 3530 997 3590 καὶ
1020 3523 1137 3607 ἔξοχον
1158 3521 1266 3610 άνδροι
1290 3527 1399 3611 κιχείη.
1435 3524 1575 3591 Alterum

566 3651 672 3711 autem
697 3643 743 3710 sio
766 3641 884 3708 dietum
907 3648 965 3724 est,
987 3662 1050 3707 non
1073 3647 1108 3707 ut
1129 3641 1257 3707 nomina
1279 3640 1342 3707 duo
1364 3641 1397 3705 in
1412 3661 1507 3706 unam
1523 3645 1595 3705 ου’

566 3759 684 3826 tionem
712 3760 841 3842 abeant,
872 3757 929 3823 sed
952 3763 987 3822 ut
1009 3763 1176 3839 utrumque
1197 3777 1312 3822 nomen
1334 3756 1438 3841 ipsum
1461 3776 1519 3841 per
1540 3775 1576 3822 se

567 3873 805 3958 intelligendum
830 3873 880 3939 sit.
915 3872 997 3937 Nam
1020 3872 1054 3936 in
1077 3872 1144 3937 illo:
1162 3868 1347 3953 Ἀντίλοχος
1370 3870 1406 3936 δὲ
1425 3870 1576 3938 Μύδωνα

566 3987 643 4074 βάλ’
667 3985 795 4075 ήνίοχον
822 3986 1013 4072 θεράποντα
1035 3987 1220 4054 vocabulum
1248 3987 1406 4071 θεράπων
1427 3985 1500 4052 ideo
1522 3985 1576 4051 ad-

566 4103 668 4172 ditum
690 4111 754 4190 est,
776 4104 862 4188 quod
885 4104 1079 4189 praeoedunt
1100 4123 1212 4170 versus
1235 4102 1274 4186 ei,
1297 4102 1410 4185 quibus
1431 4107 1577 4168 narrator

568 4221 731 4290 Menelaus
754 4221 976 4307 Pylaemenem
1000 4220 1115 4307 ipsum,
1138 4218 1227 4285 ouius
1248 4213 1367 4304 Myddr
1389 4224 1457 4285 erat
1478 4217 1577 4284 admi-
