4117 5234
923 692 1082 790 A

495 870 615 954 proleg.
630 865 691 951 Ap.
707 866 766 932 Rh.
782 888 812 953 p.
827 867 871 932 LI
894 867 1069 935 fortasse
1092 867 1170 934 dioit
1190 875 1316 954 praeter
1338 889 1367 937 v.
1386 870 1451 936 382
1475 877 1507 937 et

494 985 562 1051 383
585 982 898 1065 afuissealiquando
921 983 1017 1049 etiam
1038 1005 1068 1050 v.
1084 984 1159 1050 381.
1193 984 1258 1051 Sed
1273 985 1420 1051 Scholion
1443 1006 1507 1054 nou

497 1097 590 1165 modo
613 1096 653 1163 de
676 1098 808 1181 illorum,
832 1097 890 1167 sed
913 1099 1008 1165 etiam
1032 1099 1073 1165 de
1093 1098 1187 1166 huius
1202 1119 1314 1167 versus
1329 1100 1434 1167 aliena
1449 1101 1509 1167 ori·
1601 1125 1604 1130 ⁴

495 1214 569 1297 gine
592 1219 676 1279 nerto
700 1219 749 1279 est
763 1211 894 1299 indieio)
924 1214 1066 1299 Apparet
1081 1214 1226 1281 deinde
1247 1216 1509 1301 praepositiones,

493 1328 525 1398 ai
552 1328 739 1395 ooniunotae
761 1329 824 1395 sint
847 1349 918 1395 oum
940 1331 1101 1414 genetivo,
1130 1330 1172 1396 ad
1195 1350 1289 1414 quem
1312 1332 1417 1417 ipsum
1439 1352 1508 1417 per-

494 1444 595 1511 tineat
622 1444 803 1528 genetivus,
831 1445 919 1530 apud
941 1445 1113 1511 Homerum
1142 1465 1313 1528 numquam
1337 1448 1415 1531 poni
1435 1454 1510 1532 post

495 1566 662 1641 utrumque
683 1559 874 1642 genetivum.
908 1560 1030 1628 Tamen
1052 1561 1167 1645 legitur
1191 1560 1278 1646 apud
1297 1560 1508 1627 Herodotum:

496 1676 563 1741 τοῦ·
582 1675 731 1760 ποταμοῦ
758 1674 796 1739 όὲ
823 1674 938 1761 φύσιος
966 1680 1040 1763 πέρι
1068 1678 1099 1741 Π
1123 1677 1174 1742 19.
1219 1677 1308 1743 Haeo
1334 1676 1508 1761 Apollonii:

496 1792 528 1858 Π
541 1792 616 1857 634.
639 1793 718 1857 otoo
735 1788 798 1876 ἑῆς
814 1792 943 1877 ψυχῆς
959 1788 1083 1872 ἀλέγων
1098 1791 1195 1877 ὅπερ
1218 1793 1262 1857 IV
1277 1792 1372 1858 1357.
1389 1793 1509 1876 ,νοῆσαι

498 1907 625 1992 Τῆσδε
658 1909 908 1991 θεοπροπίης
941 1909 1019 1987 ἴσχω
1050 1910 1141 1989 πέρι
1169 1908 1351 1994 discrepare
1379 1909 1420 1973 ab
1448 1927 1508 1974 usu

496 2023 664 2090 Homerico
686 2022 751 2088 iam
774 2042 814 2088 ex
838 2022 885 2089 eis
908 2030 1051 2107 apparet,
1074 2043 1156 2106 quae
1178 2023 1220 2091 de
1238 2022 1508 2110 praepositionum

496 2146 570 2225 post
602 2138 730 2205 nomina
763 2137 938 2223 positarum
971 2139 1176 2206 oollooatioue
1210 2139 1379 2206 Homerica
1413 2159 1510 2224 supra

497 2254 566 2322 dixi
588 2254 621 2319 in
643 2254 834 2320 universum.

497 2412 499 2416 «
563 2370 613 2435 Ea
627 2369 789 2451 voeabula,
812 2387 894 2450 quae
917 2388 979 2434 non
995 2388 1140 2434 verarum
1157 2389 1235 2453 prae
1252 2389 1288 2435 se
1303 2369 1408 2437 ferunt
1421 2390 1510 2456 prae·

498 2485 694 2571 positionum·
713 2489 871 2566 naturam,
894 2484 980 2550 velut
1001 2483 1084 2566 ἅμα,
1114 2483 1205 2568 ἄτερ,
1232 2482 1360 2562 ἔκτοθι,
1382 2486 1510 2570 πρόσθε

448 2629 450 2633 ’
474 2607 573 2683 τοο,
595 2601 628 2665 in
650 2598 827 2665 Homerioio
854 2597 999 2664 liberiore
1026 2597 1120 2665 modo
1143 2619 1213 2665 oum
1237 2601 1416 2667 nominibus
1439 2622 1510 2669 oon·

499 2714 678 2800 iunguntur.
708 2714 747 2780 oi.
763 2714 943 2796 Hoffmann,
966 2714 1073 2780 Tinea.
1087 2715 1104 2778 I
1127 2736 1158 2799 p.
1171 2715 1201 2781 4.
1216 2716 1294 2782 uber
1309 2712 1397 2801 α’μφι
1413 2738 1443 2801 p.
1458 2717 1510 2782 12.

464 2887 470 2893 .
499 2832 528 2898 J.
540 2830 649 2897 XVIII
658 2829 734 2895 577.
757 2828 899 2914 χρύσειοι
922 2827 960 2892 δὲ
979 2830 1095 2914 νομῆες
1111 2828 1175 2913 ἅμ’
1191 2830 1377 2913 ἐστιχόωντο
1393 2829 1509 2915 βόεσ-

501 2966 570 3012 σιν.
605 2945 642 3012 Ο.
657 2946 705 3009 XI
720 2944 795 3010 438.
812 2939 969 3029 Ἑλένης
990 2949 1049 3027 μὲν
1065 2941 1260 3029 ἀπωλόμεθ’
1277 2952 1410 3011 εἵνεκα
1427 2945 1510 3011 πολ-

501 3061 561 3126 ior.
594 3061 702 3126 XXIV
718 3059 793 3126 215.
816 3054 856 3126 ori
878 3062 937 3142 μὲν
959 3058 1176 3150 αἐρχληςιχε
1198 3060 1284 3139 ἄναξ
1305 3058 1405 3127 ἕνεκ’
1421 3062 1460 3128 οὔ
1476 3076 1510 3126 σε

500 3175 627 3260 κομίζει.
661 3172 793 3259 (Herod.
814 3177 830 3240 I
851 3177 903 3242 30.
932 3172 1051 3242 Αὐτῶν
1081 3172 1120 3260 δὴ
1150 3152 1204 3241 οἷν·
1224 3173 1347 3242 τούτων
1376 3151 1511 3262 καὶτῆς

500 3294 641 3377 θεωρίης
662 3290 842 3376 ἐκδημήσας
868 3286 885 3356 ὅ
905 3290 1019 3356 Σόλων
1041 3289 1177 3376 εἵνεκεν)
1211 3292 1241 3359 J.
1256 3292 1305 3356 IV
1323 3293 1395 3358 138.
1419 3293 1510 3357 δια-

501 3402 576 3491 πρὸ
605 3406 642 3471 δέ
669 3409 775 3472 εἴσατο
804 3410 859 3470 καὶ
885 3406 960 3488 τῆς.
1000 3405 1037 3472 Ο.
1059 3407 1119 3471 XV
1143 3407 1215 3471 199.
1243 3407 1287 3493 μη’
1314 3430 1353 3490 με
1382 3412 1511 3492 παρὲξ

362 3609 368 3618 .
501 3517 562 3601 ἄγε
583 3522 667 3607 νῆα.
699 3522 728 3589 J.
743 3522 839 3586 XXII
856 3522 929 3587 146.
953 3524 1113 3602 Τελχεος
1136 3522 1207 3587 αἰὲν
1223 3517 1318 3587 ὑπὲκ
1333 3519 1408 3586 κατ’
1422 3520 1510 3606 αἷμα-

502 3632 591 3715 ξιτέν
613 3632 790 3702 ἐσσεύοντο.
819 3637 867 3701 XI
882 3636 956 3703 289.
980 3633 1056 3701 ἄλλ’
1072 3633 1168 3711 ἐθῦς
1189 3636 1338 3703 ἐλαύνετε
1359 3637 1510 3721 μώνυχας

500 3759 619 3828 ἵππους
644 3750 805 3838 ’ἰφθίμων
826 3753 1004 3818 Δαναῶν.
1041 3751 1092 3817 Ad
1121 3773 1192 3819 eam
1220 3753 1396 3819 libertatem
1423 3753 1509 3819 Hoff-

501 3890 616 3935 manno
643 3868 768 3936 videtur
794 3868 940 3935 vocabuli
973 3862 1047 3933 riori
1079 3888 1119 3934 ea
1151 3868 1313 3933 oollooatio
1343 3867 1511 3935 referenda

502 4003 588 4066 esse,
623 4004 705 4067 quae
738 3983 832 4051 huius
864 3982 925 4049 looi
954 3989 1018 4049 est:
1052 3983 1082 4049 J.
1105 3983 1212 4048 XXIV
1234 3983 1309 4048 253.
1339 3977 1420 4047 αἴθ’
1440 3982 1510 4067 ἅμα

503 4098 618 4173 πάντες
625 4098 800 4185 Ἕκτορος
815 4093 952 4185 (ἐμόλετ’
963 4095 1051 4163 ἀντὶ
1062 4102 1146 4187 θοῇς
1156 4098 1210 4163 ἐπὶ
1224 4103 1315 4183 νηυσὶ
1325 4098 1508 4184 πεφάσθαι.
1581 4132 1583 4136 ·

504 4208 557 4296 (ef.
572 4214 709 4280 Tmeal
729 4237 760 4300 p.
777 4217 806 4281 6.
822 4250 865 4261 -
885 4215 915 4282 J.
929 4215 1009 4280 XXI
1026 4215 1078 4280 75.
1101 4208 1192 4279 dori
1212 4218 1263 4279 τοό
1286 4212 1353 4297 εἰμ’
1373 4212 1509 4278 ἱκέταο

503 4327 667 4416 διοτρεφὲς
689 4325 851 4415 αἰδοίοιο.)
