4117 5234
955 664 1116 764 *ffl—

526 840 637 909 addite
659 834 765 924 οἴχοιο)
788 843 820 905 et
842 839 906 903 ἴθι
927 843 960 905 et
973 840 1016 924 τῆ
1031 840 1135 906 solent
1149 837 1294 908 adhiberi
1314 840 1347 908 in
1362 842 1539 928 sententiis,

526 975 609 1039 quae
632 953 829 1022 descendunt
851 973 979 1021 arersu
995 954 1133 1022 ineunte.
1161 954 1378 1024 Adversantur
1392 958 1445 1025 isti
1460 958 1540 1026 meri

526 1069 562 1137 hi
582 1069 659 1137 loeI:
685 1067 715 1135 J.
730 1066 838 1133 XXIV
853 1068 928 1134 406.
951 1068 993 1133 Εἰ
1012 1072 1073 1153 μὲν
1096 1066 1137 1153 δὴ
1161 1071 1320 1155 θεράπων
1341 1071 1539 1158 Πηληϊάδεω

521 1180 669 1269 Ἀχιλῆος
686 1176 701 1269 li
717 1184 791 1261 Εἴς,
816 1182 874 1264 ἄγε
897 1183 938 1269 δή
958 1207 1015 1267 μοι
1038 1185 1148 1250 πᾶσαν
1177 1183 1340 1275 ἀληθείην
1360 1186 1541 1266 κατάλεξον

524 1294 572 1382 (iu
606 1317 669 1382 que
696 1297 776 1364 illud
804 1301 850 1375 εἴς
876 1317 972 1380 quum
1000 1301 1121 1367 maiore
1149 1301 1181 1368 vi
1209 1301 1405 1369 efferendum
1436 1303 1479 1370 sit
1505 1308 1540 1370 ut

524 1413 709 1498 signifieans
731 1433 828 1499 „esse
850 1408 992 1498 revera“,
1016 1413 1151 1499 primum
1173 1416 1277 1482 leeum
1292 1417 1434 1484 inversu
1450 1438 1539 1505 eeeu·

476 1616 483 1624 ι
524 1524 635 1614 pavit),
659 1528 740 1594 XIX
755 1529 807 1594 68.
831 1525 906 1593 ἀλλ’
922 1528 979 1608 ἄχο
1002 1524 1326 1617 θοῖσσονΙΙὍορονον
1348 1529 1539 1614 πολεμόνδε.

524 1644 589 1710 XX
605 1644 680 1710 257.
704 1637 778 1709 ἄλλ’
796 1642 854 1723 ἄγε
874 1644 1003 1709 θᾶσσον
1018 1637 1033 1731 ΙΙ
1051 1642 1234 1729 Γεοσδμιθ’
1248 1640 1401 1732 οἷλλήλων
1414 1643 1539 1729 χαλκή-

525 1776 612 1847 ρεσιν
634 1759 797 1850 ἐγχείῃσιν.
834 1756 872 1823 O.
887 1759 919 1824 X
933 1759 987 1825 44.
1008 1796 1054 1818 -,-
1076 1758 1152 1824 ἄλλ’
1168 1760 1226 1841 ἄγε
1241 1762 1371 1826 θᾶσσον
1386 1761 1538 1845 ἰδώμεθα

524 1875 591 1941 δοκι
612 1870 688 1940 τάδ’
702 1874 787 1940 ἐστίν
800 1867 826 1961 Η.
841 1873 921 1938 XIX
936 1875 1012 1940 377.
1027 1912 1071 1922 -
1092 1868 1170 1940 ἀλλ’
1185 1871 1247 1956 cire
1268 1876 1329 1941 νῦν
1344 1879 1445 1955 ξυνίει
1460 1872 1538 1951 ἔπος

524 1990 589 2058 ὄπι
618 2014 672 2057 κεν
693 1993 773 2057 εἴπω
790 1983 821 2076 ΙΙ.
856 1988 921 2055 8οδ
943 1989 1038 2075 longe
1061 1990 1197 2075 plurima
1221 1991 1367 2077 exempla
1389 1991 1435 2059 ita
1457 2012 1539 2059 eem-

524 2087 636 2193 parata
659 2112 746 2190 sunt,
769 2111 805 2173 ut
826 2101 887 2187 ἄγε
908 2112 940 2171 et
962 2106 993 2169 εἴ
1014 2102 1120 2186 δ’ἄγι
1141 2112 1173 2173 et
1195 2110 1249 2171 ἴθι
1271 2114 1303 2173 et
1326 2106 1422 2192 δεῦρο
1446 2113 1478 2174 et
1500 2108 1538 2192 κῆ

524 2223 565 2289 ab
589 2222 659 2308 ipso
674 2242 785 2289 versus
807 2220 896 2286 initio
919 2240 982 2286 non
1005 2227 1192 2307 separentur
1205 2220 1269 2287 nisi
1284 2220 1427 2288 eiusdem
1443 2242 1539 2288 enun-

524 2336 595 2403 tiati
622 2336 798 2420 vocabulis,
826 2335 877 2402 vel
906 2335 1069 2420 particulis
1097 2328 1201 2420 (Ἀλλ’
1218 2335 1291 2416 ἄγε,
1317 2336 1389 2402 Νῦν
1417 2334 1450 2401 δ’
1466 2332 1537 2419 ἄγε)

524 2452 575 2519 vel
597 2450 784 2537 imperativo
807 2446 858 2534 (in.
876 2450 942 2517 his:
965 2447 1044 2515 Ein'
1059 2450 1118 2532 ἄγε
1131 2447 1167 2534 μ’
1182 2451 1212 2518 J.
1223 2452 1271 2516 IX
1288 2452 1353 2517 673
1371 2476 1410 2507 =
1428 2450 1465 2518 O.
1477 2452 1538 2517 XV

525 2567 601 2632 347.
628 2563 734 2632 Beier?
749 2570 802 2630 ἴθι
829 2564 858 2633 J.
879 2566 911 2631 11
932 2562 971 2647 8)
1002 2566 1053 2632 vel
1080 2565 1223 2634 vocativo
1252 2562 1311 2651 (ef.
1333 2565 1370 2632 Ο.
1392 2568 1441 2632 ΠΙ
1461 2567 1537 2634 475.

525 2681 649 2757 Παῖδες
663 2680 744 2767 ἐμοί,
756 2677 824 2760 ἄγε.
846 2680 876 2746 J.
888 2680 980 2746 XVII
992 2679 1068 2746 685.
1087 2678 1257 2764 Ἀντίλοχ’,
1269 2681 1299 2745 εἴ
1314 2678 1345 2746 δ’
1357 2681 1415 2763 ἄχε
1432 2682 1537 2768 δεῦρο.

527 2797 601 2863 120.
623 2798 727 2873 Αἶαν,
757 2796 862 2882 δεῦρο.
897 2794 934 2861 Ο.
954 2795 1002 2860 IX
1018 2796 1094 2862 347.
1117 2792 1275 2882 Κύκλωψ,
1298 2798 1335 2881 τῆ
1357 2800 1410 2861 πίε
1432 2793 1536 2882 οἶνον)

524 2911 576 2980 vel
603 2912 675 2979 aliis
699 2911 878 2978 nominibus
905 2906 960 2994 (ef.
978 2910 1008 2977 J.
1023 2911 1083 2977 VH
1099 2911 1174 2977 299.
1195 2911 1295 2996 Δῶρα
1318 2908 1349 2975 δ’
1365 2909 1419 2993 ἄγ’
1434 2908 1537 2997 ἀλλή-

525 3024 609 3093 λοισι
624 3063 666 3076 -
682 3026 819 3110 δώομεν.
846 3025 922 3091 XIV
934 3025 1010 3091 414.
1033 3028 1105 3091 Νῶἴ
1125 3023 1156 3091 δ’
1173 3021 1228 3108 ἄγ’
1243 3025 1279 3092 ἔν
1294 3026 1441 3113 φιλότητι
1455 3051 1536 3109 τρα-

525 3139 682 3226 πείομεν).
721 3142 770 3208 Ea
798 3162 887 3224 vero,
915 3161 998 3225 quae
1027 3147 1101 3209 sunt
1129 3141 1219 3227 ἄγρει
1247 3148 1279 3209 et
1307 3136 1398 3227 δεῦρ’
1417 3142 1476 3225 ἄγε
1505 3149 1538 3210 et

526 3256 617 3324 διῖιε
640 3264 672 3324 et
693 3252 897 3339 isie’eiree',
912 3258 1009 3324 etiam
1029 3256 1134 3343 ipsam
1148 3257 1284 3343 primam
1299 3278 1410 3326 versus
1426 3257 1536 3326 sedem

525 3391 653 3458 semper
674 3378 792 3440 tenent.
962 3354 964 3358 ¹

549 3478 555 3485 ’
591 3487 717 3555 Deinde
750 3487 924 3573 particulae
957 3487 1144 3555 eoniunetae
1176 3493 1231 3553 καὶ
1264 3489 1303 3554 δέ
1336 3495 1368 3556 et
1401 3491 1455 3554 καί
1483 3487 1536 3574 ῥα,

525 3602 639 3686 quibus
666 3604 754 3670 loeus
784 3623 856 3678 esse
883 3602 964 3670 solet
990 3604 1023 3669 in
1049 3603 1190 3670 eratione
1213 3603 1441 3689 eontinuanda‚
1470 3604 1536 3671 fere

525 3738 652 3805 semper
684 3718 882 3805 reperiuntur
911 3717 1082 3786 inversus
1111 3718 1213 3805 prime
1242 3720 1336 3805 pede.
1380 3719 1424 3786 Ut
1451 3720 1535 3786 enim
1613 3744 1615 3747 ·

524 3832 611 3917 illud,
635 3833 720 3917 qnod
742 3841 792 3901 est
814 3838 868 3898 καὶ
891 3834 929 3899 δέ
949 3840 1148 3901 removeatur
1166 3854 1311 3901 eversus
1326 3835 1428 3920 prime
1443 3834 1535 3920 pede,

525 3948 558 4014 in
587 3948 638 4016 his
659 3950 737 4017 loeis
760 3949 809 4016 fit:
836 3945 923 4034 (post
945 3944 1137 4034 venativum)
1159 3950 1189 4015 J.
1204 3950 1280 4016 XIV
1296 3950 1371 4016 634.
1388 3947 1535 4035 Ἀργεῖοι,

525 4067 580 4129 καί
610 4061 641 4131 δ’
663 4060 741 4129 αὖτε
762 4067 921 4149 μεθιέμεν
935 4063 1058 4149 Ἕκτορι
1080 4066 1180 4150 νίκην.
1213 4063 1250 4130 Ο.
1270 4066 1346 4131 XVI
1366 4064 1442 4131 418.
1459 4062 1536 4131 Ἀν-

524 4175 605 4246 οίνδ
620 4178 714 4265 ὕβριν
735 4180 819 4263 ἔχων
840 4181 1052 4266 κακομήχανε,
1074 4184 1128 4243 καὶ
1146 4178 1183 4245 δέ
1201 4184 1237 4245 σέ
1250 4196 1352 4266 φασιν
1365 4216 1410 4227 -
1424 4176 1534 4263 ἔχομεν’
