4117 5234
789 1000 819 1065 t.
849 1000 902 1066 De
917 1002 1211 1087 praepositionibus.

559 1138 610 1205 De
637 1138 907 1223 praepositionum
934 1139 1139 1206 collocatione
1162 1139 1300 1223 primum
1322 1136 1383 1205 hoo
1404 1137 1509 1214 dioen-

493 1252 568 1326 dum
582 1258 641 1336 est,
656 1253 817 1321 diversum
832 1255 872 1322 ub
888 1254 985 1321 AttIoi
1000 1254 1156 1321 sermonis
1172 1253 1409 1335 eonsuetudine,
1426 1272 1508 1335 quae

491 1388 533 1436 ne
560 1370 601 1435 ub
623 1368 785 1436 Herodoto
813 1368 943 1452 quidem
970 1370 1077 1435 olisna
1105 1375 1154 1436 est
1183 1364 1242 1452 (ef.
1259 1368 1320 1435 VH
1343 1368 1417 1434 149.
1445 1366 1509 1451 πρὸ

494 1478 610 1558 δύντος
635 1478 741 1567 ἡλίου)
764 1482 798 1550 in
819 1504 859 1551 eo
881 1504 954 1551 esse
976 1504 1069 1557 usum
1091 1466 1308 1566 Homericum,
1337 1482 1423 1565 quod
1444 1503 1509 1548 non

492 1598 632 1682 potiatur
645 1598 862 1684 praedicatum
877 1600 955 1684 poni
969 1599 1051 1666 inter
1065 1598 1334 1683 praepositionem
1350 1606 1382 1663 et
1393 1616 1509 1663 nomon
1569 1576 1579 1592 ⁶

493 1712 536 1780 ad
549 1734 630 1780 eam
653 1713 824 1798 pertinens.
854 1713 894 1779 of.
915 1714 1061 1797 Hrueger
1082 1713 1135 1779 Di.
1158 1714 1178 1791 ἕ
1201 1714 1260 1795 68,
1282 1713 1312 1777 6.
1336 1712 1418 1796 Sprl.
1438 1711 1508 1778 Ibd.

492 1828 523 1895 J.
538 1828 653 1895 V829.
676 1825 839 1915 ίαῖἍρηῖ
860 1830 985 1915 πρώτῳ.
1017 1828 1051 1893 Χ
1068 1829 1119 1893 18.
1141 1824 1279 1918 Νέστορ’
1294 1825 1348 1894 ἔπι
1370 1828 1508 1912 πρῶτον.

493 1944 599 2010 1601.
622 1942 654 2020 ἒς
676 1937 785 2029 ἠέλιον
805 1942 1003 2017 καταδύντα.
1036 1943 1117 2008 XIX
1132 1944 1208 2009 308.
1232 1942 1334 2008 δύντα
1354 1939 1391 2005 δ’
1405 1942 1437 2017 ἐς
1452 1938 1511 2025 ἤέ-’

494 2058 575 2125 tuor.
613 2059 724 2142 Neque
749 2059 835 2125 enim
858 2059 891 2125 in
915 2059 976 2143 eis,
1006 2065 1199 2144 quaesunt:
1229 2054 1289 2141 ἅμ’
1304 2055 1509 2140 ἀγρομένοισι

494 2170 621 2239 σύεσσιν
636 2171 687 2258 (0.
701 2174 778 2240 XVI
793 2170 828 2259 3)
852 2180 926 2259 περὶ
947 2178 1104 2261 κταμένης
1127 2174 1265 2258 ἐλάφοιο
1281 2169 1324 2255 (J.
1339 2172 1416 2238 XVI
1428 2169 1506 2255 757)

494 2286 551 2354 σὺν
568 2272 724 2380 οὐλομένῃ
742 2285 851 2375 ἀλόχῳ
868 2288 919 2371 (Ο.
935 2291 983 2355 XI
993 2287 1075 2373 410)
1091 2285 1165 2353 κατ’
1180 2284 1359 2370 οὐταμένην
1374 2283 1508 2371 α’τειλήν

494 2399 537 2486 (J.
552 2404 628 2469 XIV
639 2402 720 2486 518)
742 2404 794 2468 ἐπὶ
810 2402 944 2489 ῥηθέντι
960 2404 1074 2489 δικαίῳ
1090 2401 1142 2487 (Ο.
1154 2402 1262 2468 XVIII
1273 2402 1340 2467 414
1356 2408 1509 2487 „propter

494 2517 613 2583 dietum
642 2513 781 2584 iustum“
804 2516 943 2602 Dumm.)
971 2518 1141 2603 partieipia
1163 2516 1416 2601 praedicatorum
1439 2518 1507 2583 loeo

495 2639 568 2699 sunt
582 2630 636 2716 (ef.
648 2632 790 2716 Classen,
805 2633 933 2699 Homer.
945 2634 1042 2727 Beob.
1054 2632 1086 2697 Π
1100 2654 1132 2718 p.
1142 2634 1257 2715 loseq.
1272 2632 1320 2698 III
1331 2653 1362 2716 p.
1370 2633 1413 2697 20
1425 2628 1506 2715 seq.)

562 2745 682 2824 Quibus
699 2739 824 2831 legibus
839 2748 1042 2815 statuendum
1060 2748 1103 2814 sit
1118 2767 1211 2815 usum
1221 2747 1425 2813 Homericum
1436 2751 1508 2813 eon-

495 2862 636 2930 striotum
665 2862 798 2930 esseio
827 2844 1115 2947 praepositionibus
1140 2863 1224 2929 veris
1254 2884 1275 2929 a
1302 2863 1430 2929 nomine
1459 2883 1507 2929 se

495 2984 610 3060 quente
625 2977 839 3062 emungendis,
856 2977 1018 3062 discrepat
1031 2978 1113 3044 inter
1127 2977 1212 3044 viros
1226 2977 1347 3044 dootos.
1376 2976 1508 3043 Constat

495 3092 640 3159 eolloeeri
668 3093 749 3159 inter
777 3093 1045 3190 praepositionem
1074 3099 1106 3159 et
1133 3113 1249 3159 nomen
1276 3091 1319 3159 ad
1344 3113 1416 3159 eam
1437 3113 1507 3177 per-

495 3206 600 3273 tinens
634 3227 673 3273 ea
700 3208 867 3291 voeabula,
901 3208 1016 3290 quibus
1050 3228 1113 3274 non
1142 3208 1298 3276 effitiatur
1324 3209 1507 3275 neeessaria

495 3320 673 3406 disiunetio,
695 3321 868 3405 particulos
891 3328 922 3388 et
942 3323 1130 3408 pronomina
1145 3322 1299 3389 enclitioa.
1333 3322 1431 3390 Ouios
1446 3324 1506 3389 ool·

495 3436 660 3503 locutionis
683 3438 829 3521 exempla
851 3437 958 3504 insunt
980 3437 1013 3502 in
1035 3437 1103 3504 his:
1131 3437 1161 3503 J.
1182 3438 1258 3502 XVI
1278 3438 1353 3504 315.
1376 3444 1449 3521 περὶ
1472 3436 1506 3503 δ’

495 3548 603 3631 ἔγχεος
618 3553 726 3642 αἰχμῇ.
749 3550 786 3617 Ο.
798 3552 873 3617 VIII
888 3551 963 3618 245.
986 3552 1022 3631 ἐξ
1037 3550 1094 3616 ἔτι
1109 3554 1250 3637 πατρῶν.
1272 3554 1316 3618 VI
1331 3554 1407 3619 207.
1426 3548 1506 3636 πρὸς

493 3663 568 3751 γορ
590 3665 680 3743 Δίος.
708 3669 799 3734 xvn
814 3668 889 3734 493.
911 3642 1073 3750 μίτρα
1090 3667 1242 3759 emper.
1264 3668 1294 3734 J.
1310 3668 1505 3734 xxrvoos.

495 3779 574 3845 our»
589 3782 643 3846 ἐπὶ
658 3789 722 3847 καὶ
736 3785 781 3870 τῷ
795 3787 880 3868 θῆκε
896 3779 974 3858 θεὸς
986 3782 1096 3848 κακόν.
1113 3778 1171 3867 (of.
1183 3784 1363 3867 Hoffmann,
1378 3783 1505 3851 Tmesis

494 3895 528 3960 in
550 3896 608 3963 der
622 3897 682 3963 J.I
704 3920 736 3983 p.
755 3895 819 3981 16.)
854 3897 890 3963 0.
905 3897 954 3961 XI
968 3898 1045 3964 310.
1066 3899 1147 3981 μετά
1169 3922 1211 3979 γε
1233 3895 1349 3965 κίντὸν
1360 3895 1506 3982 Ὠρίωνα.

495 4010 560 4075 XX
577 4012 650 4077 199.
672 4010 705 4088 ἔς
727 4037 798 4098 περ
822 4009 953 4078 ὀπίσσω.
977 4048 1022 4059 -
1045 4012 1082 4079 Ο.
1097 4013 1173 4079 XIV
1188 4015 1264 4081 452.
1287 4010 1412 4100 πᾶρθ
1427 4010 1505 4100 ἄρα

495 4148 563 4205 μον
579 4130 715 4211 Ταφίων
732 4133 857 4212 πρίατο.
885 4128 915 4195 J.
931 4127 979 4191 XI
997 4129 1070 4195 128.
1092 4127 1128 4201 ἐκ
1148 4130 1223 4214 γάρ
1246 4146 1373 4217 σφεας
1390 4132 1505 4215 χειρῶν

496 4239 601 4323 ooo
623 4238 708 4323 tvo.
729 4238 784 4325 (ο.
801 4242 918 4315 Honor
937 4243 958 4309 1.
976 4243 1008 4310 o.
1030 4264 1062 4328 p.
1079 4241 1145 4329 11.)
1179 4245 1298 4318 veo4.
1320 4245 1355 4322 μ
1376 4241 1506 4329 stoa

1304 4353 1346 4411 2*
