<?xml version="1.0" encoding="UTF-8"?>
<!DOCTYPE html PUBLIC "-//W3C//DTD XHTML 1.0 Transitional//EN"
    "http://www.w3.org/TR/xhtml1/DTD/xhtml1-transitional.dtd">
<html xmlns="http://www.w3.org/1999/xhtml" xml:lang="en" lang="en">
 <head>
  <title>
</title>
<meta http-equiv="Content-Type" content="text/html;charset=utf-8" />
  <meta name='ocr-system' content='tesseract 3.04.00' />
  <meta name='ocr-capabilities' content='ocr_page ocr_carea ocr_par ocr_line ocrx_word'/>
</head>
<body>
  <div class='ocr_page' id='page_1' title='image "./verborumcolloca00carogoog_0096.png"; bbox 0 0 4117 5234; ppageno 0'>
   <div class='ocr_carea' id='block_1_1' title="bbox 1058 652 1102 717">
    <p class='ocr_par' dir='ltr' id='par_1_1' title="bbox 1058 652 1102 717">
     <span class='ocr_line' id='line_1_1' title="bbox 1058 652 1102 717; baseline 0 0"><span class='ocrx_word' id='word_1_1' title='bbox 1058 652 1102 717; x_wconf 75' lang='lat' dir='ltr'>ot</span> 
     </span>
    </p>
   </div>
   <div class='ocr_carea' id='block_1_2' title="bbox 998 738 1158 751">
    <p class='ocr_par' dir='ltr' id='par_1_2' title="bbox 998 738 1158 751">
     <span class='ocr_line' id='line_1_2' title="bbox 998 738 1158 751; baseline 0 0"><span class='ocrx_word' id='word_1_2' title='bbox 998 738 1158 751; x_wconf 50' lang='lat' dir='ltr'>*un-ss</span> 
     </span>
    </p>
   </div>
   <div class='ocr_carea' id='block_1_3' title="bbox 516 783 1590 1032">
    <p class='ocr_par' dir='ltr' id='par_1_3' title="bbox 516 783 1590 1032">
     <span class='ocr_line' id='line_1_3' title="bbox 516 783 1590 920; baseline -0.001 -22"><span class='ocrx_word' id='word_1_3' title='bbox 516 915 518 920; x_wconf 17' lang='grc' dir='ltr'>ι</span> <span class='ocrx_word' id='word_1_4' title='bbox 573 783 805 908; x_wconf 63' lang='grc' dir='ltr'>Μελάνιππε,</span> <span class='ocrx_word' id='word_1_5' title='bbox 833 850 929 914; x_wconf 90' lang='lat' dir='ltr'>quem</span> <span class='ocrx_word' id='word_1_6' title='bbox 949 831 1054 897; x_wconf 84' lang='lat' dir='ltr'>lorum</span> <span class='ocrx_word' id='word_1_7' title='bbox 1077 826 1262 896; x_wconf 81' lang='lat' dir='ltr'>mutandum</span> <span class='ocrx_word' id='word_1_8' title='bbox 1285 846 1360 896; x_wconf 83' lang='lat' dir='ltr'>osso</span> <span class='ocrx_word' id='word_1_9' title='bbox 1381 826 1590 914; x_wconf 79' lang='lat' dir='ltr'>Tyrwhittius</span> 
     </span>
     <span class='ocr_line' id='line_1_4' title="bbox 572 934 1589 1032; baseline -0.002 -18"><span class='ocrx_word' id='word_1_10' title='bbox 572 948 650 1014; x_wconf 89' lang='lat' dir='ltr'>dioit</span> <span class='ocrx_word' id='word_1_11' title='bbox 676 947 743 1013; x_wconf 91' lang='lat' dir='ltr'>his:</span> <span class='ocrx_word' id='word_1_12' title='bbox 773 946 852 1032; x_wconf 85' lang='lat' dir='ltr'>„qui</span> <span class='ocrx_word' id='word_1_13' title='bbox 880 934 988 1014; x_wconf 83' lang='lat' dir='ltr'>aurem</span> <span class='ocrx_word' id='word_1_14' title='bbox 1018 945 1110 1032; x_wconf 68' lang='lat' dir='ltr'>poesi</span> <span class='ocrx_word' id='word_1_15' title='bbox 1132 943 1276 1012; x_wconf 80' lang='lat' dir='ltr'>Gruooae</span> <span class='ocrx_word' id='word_1_16' title='bbox 1297 949 1461 1012; x_wconf 65' lang='lat' dir='ltr'>assuetum</span> <span class='ocrx_word' id='word_1_17' title='bbox 1483 942 1589 1029; x_wconf 81' lang='lat' dir='ltr'>hebet,</span> 
     </span>
    </p>
   </div>
   <div class='ocr_carea' id='block_1_4' title="bbox 553 1054 1593 1495">
    <p class='ocr_par' dir='ltr' id='par_1_4' title="bbox 553 1054 1593 1495">
     <span class='ocr_line' id='line_1_5' title="bbox 572 1054 1589 1149; baseline 0.001 -21"><span class='ocrx_word' id='word_1_18' title='bbox 572 1063 679 1129; x_wconf 86' lang='lat' dir='ltr'>statim</span> <span class='ocrx_word' id='word_1_19' title='bbox 702 1058 1046 1149; x_wconf 66' lang='lat' dir='ltr'>rosorihetAtxpprtpr</span> <span class='ocrx_word' id='word_1_20' title='bbox 1060 1054 1308 1145; x_wconf 73' lang='grc' dir='ltr'><strong><em>Μελάνιππος“,</em></strong></span> <span class='ocrx_word' id='word_1_21' title='bbox 1332 1078 1524 1144; x_wconf 80' lang='lat' dir='ltr'>quamquam</span> <span class='ocrx_word' id='word_1_22' title='bbox 1544 1059 1589 1145; x_wconf 86' lang='lat' dir='ltr'>id,</span> 
     </span>
     <span class='ocr_line' id='line_1_6' title="bbox 571 1174 1590 1263; baseline 0.004 -19"><span class='ocrx_word' id='word_1_23' title='bbox 571 1178 657 1262; x_wconf 85' lang='lat' dir='ltr'>quod</span> <span class='ocrx_word' id='word_1_24' title='bbox 681 1176 807 1245; x_wconf 84' lang='lat' dir='ltr'>oodioos</span> <span class='ocrx_word' id='word_1_25' title='bbox 829 1180 996 1263; x_wconf 74' lang='lat' dir='ltr'><strong>praebent,</strong></span> <span class='ocrx_word' id='word_1_26' title='bbox 1023 1176 1224 1243; x_wconf 89' lang='lat' dir='ltr'>ooufirmatur</span> <span class='ocrx_word' id='word_1_27' title='bbox 1246 1175 1309 1260; x_wconf 86' lang='lat' dir='ltr'>eis,</span> <span class='ocrx_word' id='word_1_28' title='bbox 1339 1195 1421 1259; x_wconf 86' lang='lat' dir='ltr'>quae</span> <span class='ocrx_word' id='word_1_29' title='bbox 1443 1174 1590 1260; x_wconf 75' lang='lat' dir='ltr'>proxime</span> 
     </span>
     <span class='ocr_line' id='line_1_7' title="bbox 553 1289 1593 1384; baseline 0.002 -22"><span class='ocrx_word' id='word_1_30' title='bbox 553 1298 761 1379; x_wconf 82' lang='lat' dir='ltr'>sequuntur:</span> <span class='ocrx_word' id='word_1_31' title='bbox 795 1295 904 1370; x_wconf 70' lang='grc' dir='ltr'><strong><em>εἶδος</em></strong></span> <span class='ocrx_word' id='word_1_32' title='bbox 933 1291 1145 1381; x_wconf 72' lang='grc' dir='ltr'>ἀμώμητον</span> <span class='ocrx_word' id='word_1_33' title='bbox 1172 1296 1228 1357; x_wconf 73' lang='grc' dir='ltr'>καὶ</span> <span class='ocrx_word' id='word_1_34' title='bbox 1253 1290 1308 1358; x_wconf 70' lang='grc' dir='ltr'>ἐπ’</span> <span class='ocrx_word' id='word_1_35' title='bbox 1334 1289 1593 1384; x_wconf 72' lang='grc' dir='ltr'>εἴδεϊ-κάρτοςΙ</span> 
     </span>
     <span class='ocr_line' id='line_1_8' title="bbox 573 1406 1017 1495; baseline -0.002 -21"><span class='ocrx_word' id='word_1_36' title='bbox 573 1406 717 1494; x_wconf 73' lang='grc' dir='ltr'><strong><em>ἄρειον</em></strong></span> <span class='ocrx_word' id='word_1_37' title='bbox 738 1408 850 1495; x_wconf 72' lang='grc' dir='ltr'><strong><em>αἰζηοῦ</em></strong></span> <span class='ocrx_word' id='word_1_38' title='bbox 873 1412 1017 1475; x_wconf 71' lang='grc' dir='ltr'><strong><em>ποθέων.</em></strong></span> 
     </span>
    </p>
   </div>
   <div class='ocr_carea' id='block_1_5' title="bbox 970 1581 1185 1596">
    <p class='ocr_par' dir='ltr' id='par_1_5' title="bbox 970 1581 1185 1596">
     <span class='ocr_line' id='line_1_9' title="bbox 970 1581 1185 1596; baseline 0.005 -1"><span class='ocrx_word' id='word_1_39' title='bbox 970 1581 1185 1596; x_wconf 63' lang='grc' dir='ltr'>-α-ο-ί-</span> 
     </span>
    </p>
   </div>
   <div class='ocr_carea' id='block_1_6' title="bbox 1048 1816 1112 1899">
    <p class='ocr_par' dir='ltr' id='par_1_6' title="bbox 1048 1816 1112 1899">
     <span class='ocr_line' id='line_1_10' title="bbox 1048 1816 1112 1899; baseline 0 0"><span class='ocrx_word' id='word_1_40' title='bbox 1048 1816 1112 1899; x_wconf 83' lang='grc' dir='ltr'>Ν.</span> 
     </span>
    </p>
   </div>
   <div class='ocr_carea' id='block_1_7' title="bbox 598 1949 1558 2180">
    <p class='ocr_par' dir='ltr' id='par_1_7' title="bbox 598 1949 1558 2180">
     <span class='ocr_line' id='line_1_11' title="bbox 598 1949 1558 2069; baseline 0.007 -6"><span class='ocrx_word' id='word_1_41' title='bbox 598 1997 657 2063; x_wconf 83' lang='lat' dir='ltr'>Du</span> <span class='ocrx_word' id='word_1_42' title='bbox 684 1994 917 2063; x_wconf 82' lang='lat' dir='ltr'>VERBORUM</span> <span class='ocrx_word' id='word_1_43' title='bbox 945 1993 1282 2065; x_wconf 79' lang='lat' dir='ltr'>COLLOOATIONIS</span> <span class='ocrx_word' id='word_1_44' title='bbox 1309 1949 1558 2069; x_wconf 77' lang='lat' dir='ltr'>flounfflonu</span> 
     </span>
     <span class='ocr_line' id='line_1_12' title="bbox 873 2110 1525 2180; baseline 0.014 -5"><span class='ocrx_word' id='word_1_45' title='bbox 873 2110 1056 2178; x_wconf 76' lang='lat' dir='ltr'>LEGIBUS</span> <span class='ocrx_word' id='word_1_46' title='bbox 1078 2110 1282 2180; x_wconf 78' lang='lat' dir='ltr'>POETIGIS.</span> <span class='ocrx_word' id='word_1_47' title='bbox 1523 2140 1525 2145; x_wconf 91' lang='lat'>·</span> 
     </span>
    </p>
   </div>
   <div class='ocr_carea' id='block_1_8' title="bbox 801 2422 1361 2510">
    <p class='ocr_par' dir='ltr' id='par_1_8' title="bbox 801 2422 1361 2510">
     <span class='ocr_line' id='line_1_13' title="bbox 801 2422 1361 2510; baseline 0.009 -23"><span class='ocrx_word' id='word_1_48' title='bbox 801 2425 830 2489; x_wconf 89' lang='lat'>1.</span> <span class='ocrx_word' id='word_1_49' title='bbox 860 2424 912 2489; x_wconf 84' lang='lat' dir='ltr'>De</span> <span class='ocrx_word' id='word_1_50' title='bbox 933 2425 1163 2510; x_wconf 67' lang='grc' dir='ltr'><strong><em>πρωθυσπρίᾳ</em></strong></span> <span class='ocrx_word' id='word_1_51' title='bbox 1185 2422 1361 2493; x_wconf 76' lang='lat' dir='ltr'>Homerico.</span> 
     </span>
    </p>
   </div>
   <div class='ocr_carea' id='block_1_9' title="bbox 570 2564 1589 2768">
    <p class='ocr_par' dir='ltr' id='par_1_9' title="bbox 570 2564 1589 2768">
     <span class='ocr_line' id='line_1_14' title="bbox 637 2564 1589 2656; baseline 0.008 -23"><span class='ocrx_word' id='word_1_52' title='bbox 637 2564 727 2644; x_wconf 81' lang='lat' dir='ltr'>Quae</span> <span class='ocrx_word' id='word_1_53' title='bbox 756 2564 797 2631; x_wconf 92' lang='lat' dir='ltr'>de</span> <span class='ocrx_word' id='word_1_54' title='bbox 819 2566 984 2631; x_wconf 83' lang='lat' dir='ltr'>vorborum</span> <span class='ocrx_word' id='word_1_55' title='bbox 1014 2566 1228 2633; x_wconf 78' lang='lat' dir='ltr'>collocationis</span> <span class='ocrx_word' id='word_1_56' title='bbox 1251 2567 1439 2635; x_wconf 85' lang='lat' dir='ltr'>Homerioao</span> <span class='ocrx_word' id='word_1_57' title='bbox 1460 2569 1589 2656; x_wconf 80' lang='lat' dir='ltr'>legions</span> 
     </span>
     <span class='ocr_line' id='line_1_15' title="bbox 570 2680 1588 2768; baseline 0.009 -22"><span class='ocrx_word' id='word_1_58' title='bbox 570 2681 704 2767; x_wconf 71' lang='lat' dir='ltr'>pottiois</span> <span class='ocrx_word' id='word_1_59' title='bbox 728 2680 862 2767; x_wconf 80' lang='lat' dir='ltr'>proferri</span> <span class='ocrx_word' id='word_1_60' title='bbox 884 2687 1026 2768; x_wconf 83' lang='lat' dir='ltr'>possunt,</span> <span class='ocrx_word' id='word_1_61' title='bbox 1050 2687 1134 2748; x_wconf 84' lang='lat' dir='ltr'>oerte</span> <span class='ocrx_word' id='word_1_62' title='bbox 1157 2688 1302 2768; x_wconf 78' lang='lat' dir='ltr'>essunt,</span> <span class='ocrx_word' id='word_1_63' title='bbox 1325 2704 1366 2749; x_wconf 85' lang='lat' dir='ltr'>ex</span> <span class='ocrx_word' id='word_1_64' title='bbox 1387 2685 1502 2768; x_wconf 88' lang='lat' dir='ltr'>quibus</span> <span class='ocrx_word' id='word_1_65' title='bbox 1516 2686 1588 2755; x_wconf 87' lang='lat' dir='ltr'>iuro</span> 
     </span>
    </p>
   </div>
   <div class='ocr_carea' id='block_1_10' title="bbox 569 2797 1681 2884">
    <p class='ocr_par' dir='ltr' id='par_1_10' title="bbox 569 2797 1681 2884">
     <span class='ocr_line' id='line_1_16' title="bbox 569 2797 1681 2884; baseline 0.005 -19"><span class='ocrx_word' id='word_1_66' title='bbox 569 2818 627 2865; x_wconf 90' lang='lat' dir='ltr'>nos</span> <span class='ocrx_word' id='word_1_67' title='bbox 651 2804 791 2864; x_wconf 85' lang='lat' dir='ltr'>statuere</span> <span class='ocrx_word' id='word_1_68' title='bbox 814 2797 894 2863; x_wconf 84' lang='lat' dir='ltr'>satis</span> <span class='ocrx_word' id='word_1_69' title='bbox 917 2804 1073 2882; x_wconf 83' lang='lat' dir='ltr'>appareat</span> <span class='ocrx_word' id='word_1_70' title='bbox 1095 2797 1191 2863; x_wconf 89' lang='lat' dir='ltr'>etiam</span> <span class='ocrx_word' id='word_1_71' title='bbox 1214 2798 1355 2882; x_wconf 73' lang='lat' dir='ltr'>pottioas</span> <span class='ocrx_word' id='word_1_72' title='bbox 1374 2798 1462 2884; x_wconf 85' lang='lat' dir='ltr'>leges</span> <span class='ocrx_word' id='word_1_73' title='bbox 1478 2802 1588 2870; x_wconf 80' lang='lat' dir='ltr'>valere</span> <span class='ocrx_word' id='word_1_74' title='bbox 1678 2816 1681 2822; x_wconf 88' lang='lat'>&#39;</span> 
     </span>
    </p>
   </div>
   <div class='ocr_carea' id='block_1_11' title="bbox 569 2911 1588 4276">
    <p class='ocr_par' dir='ltr' id='par_1_11' title="bbox 569 2911 1215 2999">
     <span class='ocr_line' id='line_1_17' title="bbox 569 2911 1215 2999; baseline -0.002 -20"><span class='ocrx_word' id='word_1_75' title='bbox 569 2914 603 2981; x_wconf 93' lang='lat' dir='ltr'>in</span> <span class='ocrx_word' id='word_1_76' title='bbox 625 2921 790 2999; x_wconf 73' lang='lat' dir='ltr'>potiturum</span> <span class='ocrx_word' id='word_1_77' title='bbox 813 2914 977 2979; x_wconf 88' lang='lat' dir='ltr'>vorborum</span> <span class='ocrx_word' id='word_1_78' title='bbox 1001 2911 1215 2979; x_wconf 87' lang='lat' dir='ltr'>oollooationo.</span> 
     </span>
    </p>

    <p class='ocr_par' dir='ltr' id='par_1_12' title="bbox 569 3022 1588 4276">
     <span class='ocr_line' id='line_1_18' title="bbox 637 3022 1588 3117; baseline 0.007 -25"><span class='ocrx_word' id='word_1_79' title='bbox 637 3028 796 3094; x_wconf 84' lang='lat' dir='ltr'>Intellexit</span> <span class='ocrx_word' id='word_1_80' title='bbox 810 3025 969 3092; x_wconf 84' lang='lat' dir='ltr'>Ameisius</span> <span class='ocrx_word' id='word_1_81' title='bbox 989 3022 1042 3108; x_wconf 83' lang='lat' dir='ltr'>(of.</span> <span class='ocrx_word' id='word_1_82' title='bbox 1058 3025 1101 3092; x_wconf 89' lang='lat' dir='ltr'>ad</span> <span class='ocrx_word' id='word_1_83' title='bbox 1116 3025 1154 3093; x_wconf 91' lang='grc' dir='ltr'>Ο.</span> <span class='ocrx_word' id='word_1_84' title='bbox 1168 3028 1212 3094; x_wconf 91' lang='lat' dir='ltr'>IV</span> <span class='ocrx_word' id='word_1_85' title='bbox 1226 3028 1293 3095; x_wconf 77' lang='grc'>476</span> <span class='ocrx_word' id='word_1_86' title='bbox 1311 3029 1492 3116; x_wconf 83' lang='lat' dir='ltr'>Appond.V</span> <span class='ocrx_word' id='word_1_87' title='bbox 1502 3028 1588 3117; x_wconf 79' lang='lat'>229)</span> 
     </span>
     <span class='ocr_line' id='line_1_19' title="bbox 569 3140 1587 3230; baseline 0.007 -21"><span class='ocrx_word' id='word_1_88' title='bbox 569 3145 603 3209; x_wconf 89' lang='lat' dir='ltr'>in</span> <span class='ocrx_word' id='word_1_89' title='bbox 626 3142 913 3210; x_wconf 82' lang='lat' dir='ltr'>enumerationibus</span> <span class='ocrx_word' id='word_1_90' title='bbox 929 3140 1102 3208; x_wconf 87' lang='lat' dir='ltr'>Homerum</span> <span class='ocrx_word' id='word_1_91' title='bbox 1119 3144 1308 3229; x_wconf 88' lang='lat' dir='ltr'>saepissime</span> <span class='ocrx_word' id='word_1_92' title='bbox 1323 3145 1433 3213; x_wconf 87' lang='lat' dir='ltr'>ordine</span> <span class='ocrx_word' id='word_1_93' title='bbox 1450 3146 1506 3230; x_wconf 81' lang='lat' dir='ltr'>uti,</span> <span class='ocrx_word' id='word_1_94' title='bbox 1528 3147 1587 3230; x_wconf 86' lang='lat' dir='ltr'>qui</span> 
     </span>
     <span class='ocr_line' id='line_1_20' title="bbox 570 3256 1585 3342; baseline 0.006 -19"><span class='ocrx_word' id='word_1_95' title='bbox 570 3259 603 3324; x_wconf 91' lang='lat' dir='ltr'>in</span> <span class='ocrx_word' id='word_1_96' title='bbox 618 3257 766 3324; x_wconf 80' lang='lat' dir='ltr'>diationis</span> <span class='ocrx_word' id='word_1_97' title='bbox 782 3256 926 3342; x_wconf 79' lang='lat' dir='ltr'>poe&#39;tioao</span> <span class='ocrx_word' id='word_1_98' title='bbox 940 3257 1120 3325; x_wconf 84' lang='lat' dir='ltr'>rationibus</span> <span class='ocrx_word' id='word_1_99' title='bbox 1133 3260 1259 3327; x_wconf 88' lang='lat' dir='ltr'>nitatur.</span> <span class='ocrx_word' id='word_1_100' title='bbox 1287 3260 1484 3329; x_wconf 87' lang='lat' dir='ltr'>Vestimenta</span> <span class='ocrx_word' id='word_1_101' title='bbox 1498 3261 1585 3330; x_wconf 87' lang='lat' dir='ltr'>onim</span> 
     </span>
     <span class='ocr_line' id='line_1_21' title="bbox 570 3374 1586 3462; baseline 0.006 -21"><span class='ocrx_word' id='word_1_102' title='bbox 570 3394 759 3441; x_wconf 86' lang='lat' dir='ltr'>enumerans</span> <span class='ocrx_word' id='word_1_103' title='bbox 782 3374 938 3440; x_wconf 89' lang='lat' dir='ltr'>Homerus</span> <span class='ocrx_word' id='word_1_104' title='bbox 965 3374 1113 3460; x_wconf 85' lang='lat' dir='ltr'>pallium,</span> <span class='ocrx_word' id='word_1_105' title='bbox 1139 3381 1174 3441; x_wconf 92' lang='lat' dir='ltr'>ut</span> <span class='ocrx_word' id='word_1_106' title='bbox 1196 3374 1244 3458; x_wconf 88' lang='lat' dir='ltr'>id,</span> <span class='ocrx_word' id='word_1_107' title='bbox 1272 3375 1357 3459; x_wconf 87' lang='lat' dir='ltr'>quod</span> <span class='ocrx_word' id='word_1_108' title='bbox 1383 3378 1486 3462; x_wconf 84' lang='lat' dir='ltr'>magis</span> <span class='ocrx_word' id='word_1_109' title='bbox 1508 3384 1586 3447; x_wconf 82' lang='lat' dir='ltr'>aute</span> 
     </span>
     <span class='ocr_line' id='line_1_22' title="bbox 571 3487 1585 3580; baseline 0.003 -23"><span class='ocrx_word' id='word_1_110' title='bbox 571 3489 679 3557; x_wconf 85' lang='lat' dir='ltr'>oculos</span> <span class='ocrx_word' id='word_1_111' title='bbox 706 3496 851 3557; x_wconf 89' lang='lat' dir='ltr'>versatur</span> <span class='ocrx_word' id='word_1_112' title='bbox 880 3487 941 3573; x_wconf 86' lang='lat' dir='ltr'>(of.</span> <span class='ocrx_word' id='word_1_113' title='bbox 963 3488 999 3559; x_wconf 88' lang='grc' dir='ltr'>Ο.</span> <span class='ocrx_word' id='word_1_114' title='bbox 1015 3490 1096 3556; x_wconf 88' lang='lat' dir='ltr'>XIX</span> <span class='ocrx_word' id='word_1_115' title='bbox 1117 3490 1193 3556; x_wconf 79' lang='lat'><strong>225.</strong></span> <span class='ocrx_word' id='word_1_116' title='bbox 1222 3491 1374 3557; x_wconf 78' lang='grc' dir='ltr'><strong><em>Χλαῖναν</em></strong></span> <span class='ocrx_word' id='word_1_117' title='bbox 1396 3497 1585 3580; x_wconf 78' lang='grc' dir='ltr'><strong><em>πορφυρέην</em></strong></span> 
     </span>
     <span class='ocr_line' id='line_1_23' title="bbox 570 3599 1584 3694; baseline 0.003 -23"><span class='ocrx_word' id='word_1_118' title='bbox 570 3605 669 3691; x_wconf 76' lang='grc' dir='ltr'><strong><em>οὔλην</em></strong></span> <span class='ocrx_word' id='word_1_119' title='bbox 691 3604 744 3689; x_wconf 81' lang='grc' dir='ltr'>ἔχε</span> <span class='ocrx_word' id='word_1_120' title='bbox 774 3605 844 3683; x_wconf 71' lang='grc' dir='ltr'>δῖος</span> <span class='ocrx_word' id='word_1_121' title='bbox 863 3599 1041 3683; x_wconf 76' lang='grc' dir='ltr'><strong><em>Ὀδυσσεύς,</em></strong></span> <span class='ocrx_word' id='word_1_122' title='bbox 1065 3602 1168 3691; x_wconf 82' lang='lat'>(232)</span> <span class='ocrx_word' id='word_1_123' title='bbox 1194 3603 1259 3671; x_wconf 85' lang='grc' dir='ltr'>Τὸν</span> <span class='ocrx_word' id='word_1_124' title='bbox 1280 3606 1318 3672; x_wconf 76' lang='grc' dir='ltr'>δὲ</span> <span class='ocrx_word' id='word_1_125' title='bbox 1339 3606 1451 3688; x_wconf 74' lang='grc' dir='ltr'><strong><em>χιτῶν’</em></strong></span> <span class='ocrx_word' id='word_1_126' title='bbox 1466 3607 1584 3694; x_wconf 69' lang='grc' dir='ltr'><strong><em>ἐνόησα</em></strong></span> 
     </span>
     <span class='ocr_line' id='line_1_24' title="bbox 569 3718 1585 3809; baseline 0.002 -22"><span class='ocrx_word' id='word_1_127' title='bbox 569 3727 642 3807; x_wconf 68' lang='grc' dir='ltr'>περὶ</span> <span class='ocrx_word' id='word_1_128' title='bbox 664 3726 741 3809; x_wconf 78' lang='grc' dir='ltr'><em>χροῒ</em></span> <span class='ocrx_word' id='word_1_129' title='bbox 760 3718 962 3803; x_wconf 78' lang='grc' dir='ltr'><strong><em>σιγαλόεντα)</em></strong></span> <span class='ocrx_word' id='word_1_130' title='bbox 987 3722 1139 3805; x_wconf 85' lang='lat' dir='ltr'>oniasque</span> <span class='ocrx_word' id='word_1_131' title='bbox 1161 3722 1251 3792; x_wconf 80' lang='lat' dir='ltr'>varia</span> <span class='ocrx_word' id='word_1_132' title='bbox 1278 3730 1391 3790; x_wconf 81' lang='lat' dir='ltr'>natura</span> <span class='ocrx_word' id='word_1_133' title='bbox 1412 3723 1515 3808; x_wconf 84' lang='lat' dir='ltr'>magis</span> <span class='ocrx_word' id='word_1_134' title='bbox 1537 3722 1585 3809; x_wconf 90' lang='lat' dir='ltr'>fit,</span> 
     </span>
     <span class='ocr_line' id='line_1_25' title="bbox 569 3815 1583 3924; baseline 0.003 -20"><span class='ocrx_word' id='word_1_135' title='bbox 569 3844 604 3904; x_wconf 91' lang='lat' dir='ltr'>ut</span> <span class='ocrx_word' id='word_1_136' title='bbox 625 3838 759 3904; x_wconf 89' lang='lat' dir='ltr'>vestitus</span> <span class='ocrx_word' id='word_1_137' title='bbox 782 3839 824 3905; x_wconf 90' lang='lat' dir='ltr'>sit</span> <span class='ocrx_word' id='word_1_138' title='bbox 845 3845 900 3905; x_wconf 86' lang='lat' dir='ltr'>aut</span> <span class='ocrx_word' id='word_1_139' title='bbox 922 3839 1022 3904; x_wconf 91' lang='lat' dir='ltr'>bonus</span> <span class='ocrx_word' id='word_1_140' title='bbox 1045 3845 1100 3904; x_wconf 88' lang='lat' dir='ltr'>aut</span> <span class='ocrx_word' id='word_1_141' title='bbox 1123 3837 1286 3921; x_wconf 88' lang='lat' dir='ltr'>sordidus,</span> <span class='ocrx_word' id='word_1_142' title='bbox 1309 3815 1414 3924; x_wconf 79' lang='lat' dir='ltr'>priore</span> <span class='ocrx_word' id='word_1_143' title='bbox 1435 3839 1513 3923; x_wconf 88' lang='lat' dir='ltr'>looo,</span> <span class='ocrx_word' id='word_1_144' title='bbox 1536 3847 1583 3908; x_wconf 89' lang='lat' dir='ltr'>tu·</span> 
     </span>
     <span class='ocr_line' id='line_1_26' title="bbox 569 3951 1582 4038; baseline 0.006 -21"><span class='ocrx_word' id='word_1_145' title='bbox 569 3954 673 4019; x_wconf 84' lang='lat' dir='ltr'>nioam</span> <span class='ocrx_word' id='word_1_146' title='bbox 702 3954 877 4038; x_wconf 83' lang='lat' dir='ltr'>posteriore</span> <span class='ocrx_word' id='word_1_147' title='bbox 906 3955 975 4020; x_wconf 87' lang='lat' dir='ltr'>loeo</span> <span class='ocrx_word' id='word_1_148' title='bbox 1004 3953 1168 4021; x_wconf 83' lang='lat' dir='ltr'>nominare</span> <span class='ocrx_word' id='word_1_149' title='bbox 1197 3953 1286 4019; x_wconf 88' lang='lat' dir='ltr'>solet.</span> <span class='ocrx_word' id='word_1_150' title='bbox 1332 3951 1433 4031; x_wconf 81' lang='lat' dir='ltr'>Quem</span> <span class='ocrx_word' id='word_1_151' title='bbox 1462 3974 1582 4023; x_wconf 84' lang='lat' dir='ltr'>morsm</span> 
     </span>
     <span class='ocr_line' id='line_1_27' title="bbox 569 4064 1583 4155; baseline 0.001 -20"><span class='ocrx_word' id='word_1_152' title='bbox 569 4068 711 4150; x_wconf 73' lang='lat' dir='ltr'>sequItur</span> <span class='ocrx_word' id='word_1_153' title='bbox 726 4076 758 4135; x_wconf 83' lang='lat' dir='ltr'>ot</span> <span class='ocrx_word' id='word_1_154' title='bbox 780 4069 831 4136; x_wconf 84' lang='lat' dir='ltr'>his</span> <span class='ocrx_word' id='word_1_155' title='bbox 851 4069 945 4135; x_wconf 81' lang='lat' dir='ltr'>locis:</span> <span class='ocrx_word' id='word_1_156' title='bbox 969 4068 1006 4135; x_wconf 90' lang='grc' dir='ltr'>Ο.</span> <span class='ocrx_word' id='word_1_157' title='bbox 1018 4069 1093 4134; x_wconf 91' lang='lat' dir='ltr'>VIII</span> <span class='ocrx_word' id='word_1_158' title='bbox 1108 4068 1183 4134; x_wconf 79' lang='lat'>392.</span> <span class='ocrx_word' id='word_1_159' title='bbox 1205 4068 1269 4134; x_wconf 74' lang='lat' dir='ltr'>suiv</span> <span class='ocrx_word' id='word_1_160' title='bbox 1285 4064 1316 4133; x_wconf 76' lang='lat' dir='ltr'>oi</span> <span class='ocrx_word' id='word_1_161' title='bbox 1331 4069 1437 4155; x_wconf 76' lang='grc' dir='ltr'><strong><em>φᾶρος</em></strong></span> <span class='ocrx_word' id='word_1_162' title='bbox 1451 4071 1583 4147; x_wconf 74' lang='grc' dir='ltr'><strong><em>ἕκαστος</em></strong></span> 
     </span>
     <span class='ocr_line' id='line_1_28' title="bbox 569 4178 1587 4276; baseline 0.003 -25"><span class='ocrx_word' id='word_1_163' title='bbox 569 4183 723 4266; x_wconf 71' lang='grc' dir='ltr'>ἐϋπλυνὲς</span> <span class='ocrx_word' id='word_1_164' title='bbox 745 4178 805 4271; x_wconf 72' lang='grc' dir='ltr'>ἠδὲ</span> <span class='ocrx_word' id='word_1_165' title='bbox 826 4186 946 4269; x_wconf 76' lang='grc' dir='ltr'><strong><em>χιτῶνα</em></strong></span> <span class='ocrx_word' id='word_1_166' title='bbox 963 4220 1004 4233; x_wconf 83' lang='lat'>-</span> <span class='ocrx_word' id='word_1_167' title='bbox 1020 4183 1171 4251; x_wconf 70' lang='grc' dir='ltr'><strong><em>ἐνείκατε.</em></strong></span> <span class='ocrx_word' id='word_1_168' title='bbox 1205 4184 1249 4251; x_wconf 88' lang='lat' dir='ltr'>Vl</span> <span class='ocrx_word' id='word_1_169' title='bbox 1271 4185 1346 4252; x_wconf 81' lang='lat'>214.</span> <span class='ocrx_word' id='word_1_170' title='bbox 1368 4180 1435 4276; x_wconf 76' lang='grc' dir='ltr'>πὰρ</span> <span class='ocrx_word' id='word_1_171' title='bbox 1460 4182 1494 4251; x_wconf 78' lang='grc' dir='ltr'>δ’</span> <span class='ocrx_word' id='word_1_172' title='bbox 1515 4185 1587 4273; x_wconf 79' lang='grc' dir='ltr'>ἄρα,</span> 
     </span>
    </p>
   </div>
   <div class='ocr_carea' id='block_1_12' title="bbox 0 0 2064 5234">
    <p class='ocr_par' dir='ltr' id='par_1_13' title="bbox 0 0 2064 5234">
     <span class='ocr_line' id='line_1_29' title="bbox 0 0 2064 5234; baseline 0 2"><span class='ocrx_word' id='word_1_173' title='bbox 0 0 2064 5234; x_wconf 95' lang='lat' dir='ltr'> </span> 
     </span>
    </p>
   </div>
  </div>
 </body>
</html>
