4117 5234
1014 674 1056 736 15

529 858 562 920 et
587 871 702 918 nomeu
730 848 773 917 ad
801 848 835 917 id
861 849 1022 936 pertinens
1046 851 1142 916 verbo
1164 849 1342 936 praemissa
1364 849 1442 933 sint,
1471 869 1541 936 pro·

425 1004 435 1010 -
528 987 644 1034 nomen
660 967 712 1039 ¹ito
733 988 754 1034 a
776 965 903 1033 nomine
924 966 1100 1033 seiunotum
1116 971 1173 1049 est,
1196 971 1230 1033 ut
1244 965 1355 1050 figura,
1377 986 1472 1049 quarn
1487 987 1541 1033 no·

529 1082 661 1149 minavit
682 1080 952 1166 Naegelsbaohius
976 1077 1044 1164 (lat.
1059 1081 1198 1148 Stilistik
1216 1081 1236 1161 ἓ
1251 1078 1328 1165 168)
1348 1081 1541 1167 amphorae,

529 1196 569 1265 de
593 1216 656 1279 qua
678 1197 763 1263 infra
785 1198 937 1281 dioemus‚
959 1196 1088 1263 oriatur.

539 1363 542 1367 ‚
594 1312 629 1377 Si
650 1313 801 1382 adieetivi
824 1312 1063 1380 demonstrativi
1086 1311 1151 1379 uim
1174 1312 1303 1395 habeat,
1325 1332 1499 1396 pronomen
1520 1308 1540 1377 ό

527 1447 625 1511 quum
653 1447 750 1512 supra
772 1428 985 1511 attigerimus,
1013 1435 1079 1493 tum
1103 1448 1144 1494 ex
1165 1426 1215 1492 his
1239 1434 1373 1512 apparet
1394 1427 1540 1495 liberiore

527 1542 574 1608 uti
589 1542 809 1617 collocatione.
840 1542 921 1609 Turn
945 1544 1029 1611 euim
1052 1542 1139 1609 haud
1161 1561 1232 1607 raro
1252 1540 1288 1605 fit
1305 1541 1338 1609 in
1352 1541 1539 1626 Homericis,

528 1663 672 1725 utoasus
688 1658 806 1741 obliqui
822 1657 942 1724 nomini
957 1658 1172 1740 subiciantur,
1195 1676 1234 1722 ao
1248 1656 1386 1723 maxime
1401 1656 1545 1740 quidem„

528 1772 556 1840 si
578 1772 763 1858 pronomine
785 1770 803 1839 δ
826 1781 1034 1859 praeparatur
1055 1771 1213 1840 sententia
1235 1770 1378 1855 relativa,
1403 1772 1485 1844 sieut
1507 1772 1539 1836 in

527 1885 578 1956 his
602 1888 771 1973 exemplis:
793 1889 950 1956 J.V210.
963 1889 1089 1973 Ἤματα
1103 1887 1148 1974 τῷ
1171 1885 1298 1971 ἑλόμην,
1322 1885 1540 1954 δατ-111345.

522 1999 577 2077 Ὠς
598 1997 638 2086 μ’
655 1997 751 2087 ὄφελ’
764 2003 861 2090 ἤματι
882 2009 942 2093 τῷ,
971 2003 1033 2069 ὅτε.
1062 2002 1181 2069 V320.
1204 2002 1410 2067 συνθεσιάων
1433 2001 1539 2079 Τάνιν,

528 2116 577 2192 ἃς.
599 2117 731 2184 1X630.
751 2119 921 2206 φιλότητος
936 2118 1071 2202 ἑταίρων
1088 2119 1160 2203 Τῆς,
1177 2111 1209 2208 ᾖ
1230 2117 1311 2182 XIII
1322 2117 1398 2182 594.
1416 2114 1539 2201 ’Λτροό-

528 2230 585 2317 δης
608 2230 642 2296 δ’
656 2232 722 2317 ἄρα
744 2246 836 2319 χεῖρα
856 2231 939 2319 βοήν
958 2230 1089 2314 ἆγαδδς
1104 2230 1274 2307 Μενέλαος
1290 2226 1358 2315 Τόν
1371 2229 1485 2312 βόλον,
1509 2226 1540 2322 ᾗ,

528 2343 565 2410 0.
580 2332 612 2409 Χ
629 2346 680 2411 74.
693 2347 822 2433 Ἀνδρα
844 2346 911 2426 τόν,
935 2348 979 2426 ὅς.
1007 2347 1116 2414 XXIV
1132 2347 1185 2412 84.
1207 2342 1366 2430 όνδρόσιν
1388 2348 1437 2429 εἴη
1454 2350 1539 2423 Τοῖς,

527 2465 567 2524 ot
612 2460 677 2528 Sed
707 2461 791 2529 idem
820 2462 855 2529 tit
882 2463 915 2527 in
943 2463 994 2529 his
1021 2463 1144 2529 duobus
1168 2461 1337 2545 exemplis,
1367 2460 1537 2543 inquibus

527 2573 619 2642 deest
648 2577 805 2644 sententia
833 2578 981 2645 relatiua:
1009 2578 1039 2643 J.
1055 2577 1146 2641 XVII
1160 2577 1236 2643 401.
1266 2581 1365 2641 Τοῖον
1389 2575 1472 2654 Ζεδς
1493 2613 1549 2643 -·.

464 2757 470 2767 ,
520 2688 637 2775 'Hostus
659 2693 703 2781 τῷ
727 2690 879 2758 ἐτάνυσσε
901 2691 1001 2759 κακδν
1023 2693 1135 2760 πόνον.
1163 2691 1201 2758 0.
1211 2692 1291 2757 XXI
1302 2694 1357 2758 42.
1374 2686 1418 2756 Ἡ
1433 2688 1468 2758 δ’
1484 2688 1538 2757 ὅτε

528 2804 568 2892 δὴ
595 2806 752 2892 θάλαμον
778 2803 835 2873 τόν
865 2804 942 2892 (vid.
964 2828 1047 2874 vers.
1070 2809 1090 2872 8
1116 2808 1158 2893 βῆ
1182 2804 1217 2872 δ’
1237 2808 1320 2871 ἰέναι
1342 2804 1538 2891 θαλαμόνδε

527 2920 586 2987 σὺν
607 2919 823 3009 ἀμφιπόλοισι
843 2918 1177 3006 γοναιξ1νἜσχατον)
1200 2917 1335 3009 doluere
1351 2922 1408 2987 δῖα
1422 2945 1538 3000 γυναι-

526 3037 591 3103 noir
616 3035 729 3104 Οδδόν
755 3062 789 3102 τε
818 3039 951 3123 δρύϊνον
979 3038 1208 3124 προσεβήσετο,
1236 3038 1294 3103 τόν
1320 3060 1398 3104 ποτε
1419 3040 1537 3105 τέκτων

528 3154 637 3230 ξέσσεν
660 3152 890 3239 ἐπισταμένως.
928 3153 968 3221 of.
991 3153 1105 3221 Aesoh.
1124 3153 1304 3239 8ορ1.509.
1332 3150 1452 3238 ἐχθρός
1473 3150 1536 3238 γὰρ

526 3262 608 3352 ἁνήρ
631 3263 728 3351 δνδρὶ
751 3269 795 3357 τῷ
819 3266 1013 3355 ξυστήσεται.
1051 3269 1089 3333 In
1112 3288 1149 3334 eo
1172 3289 1246 3335 vero
1270 3267 1436 3353 Odysseae
1458 3268 1536 3351 loeo,

526 3381 581 3463 qui
609 3389 672 3449 est:
700 3384 811 3449 1116.
839 3386 871 3449 εἴ
896 3387 1004 3449 ποθεν
1031 3379 1143 3448 stude
1166 3382 1370 3469 Μνηστήρων
1391 3384 1455 3450 τῶν
1476 3386 1537 3466 μὲν

527 3496 676 3563 σκέδασιν
704 3495 786 3563 κατὰ
815 3494 950 3584 δοόματα
976 3501 1069 3583 θείη,
1097 3493 1199 3582 Τιμὴν
1222 3495 1257 3562 δ’
1271 3492 1371 3574 atinde
1392 3495 1461 3580 ἔχοι
1482 3503 1537 3563 καὶ

525 3608 774 3697 minatensium
789 3610 924 3680 δνάσσοι
939 3621 971 3681 et
986 3613 1175 3680 substantivi
1190 3613 1290 3679 instar
1303 3619 1352 3679 est
1362 3633 1536 3698 pronomen

525 3720 543 3791 δ
566 3734 598 3794 et
620 3735 655 3794 ut
677 3727 861 3795 subiioiatur
882 3729 1011 3812 nomini,
1034 3728 1069 3795 fit
1091 3750 1132 3795 ex
1155 3728 1350 3815 epanalepsi.

591 3842 626 3907 Si
648 3843 776 3910 additur
798 3843 978 3910 nominibus
1001 3844 1176 3911 ooniunotis
1198 3864 1270 3911 oum
1284 3842 1451 3910 adieetivis
1466 3863 1537 3928 pro
1575 3906 1577 3910 ,
1600 3891 1604 3903 .

524 3973 638 4023 nomen
666 3953 699 4041 ὁ,
728 3958 885 4024 Homerus
913 3958 1072 4025 adieetiva
1099 3980 1152 4042 ea,
1181 3960 1295 4042 quibus
1321 3958 1450 4025 nomina
1471 3980 1535 4026 non

524 4069 606 4161 siout
627 4071 660 4136 in
683 4072 749 4140 his:
771 4069 829 4138 τόν
852 4050 962 4152 δεξιόν
984 4079 1093 4150 ἵππον,
1115 4072 1155 4138 τό
1176 4071 1355 4159 μακρότατ’
1370 4072 1481 4156 ἔγχεα,
1504 4072 1535 4139 οἳ

526 4180 562 4246 δὲ
591 4181 659 4250 δόω
688 4186 836 4252 σκόπελοι
864 4183 957 4272 („die
980 4187 1096 4255 beiden
1117 4184 1276 4273 Felsen“)
1299 4188 1534 4274 distinguuntur
