4117 5234
897 695 1080 759 Ν7ξί

511 990 517 997 ·
628 962 659 1029 5.
694 962 746 1029 Do
761 962 873 1053 fiqoro
895 985 942 1044 eo,
966 983 1062 1049 quom
1083 964 1203 1029 ooooos't
1222 962 1484 1049 Naepenoartin
1554 1019 1558 1034 ,

955 1077 1160 1164 anaphoram.

600 1216 756 1291 ¹Chiusmi
777 1216 880 1302 figura
902 1237 999 1301 quum
1020 1218 1055 1283 in
1076 1218 1218 1285 oratione
1236 1218 1405 1305 plurimum
1420 1220 1563 1288 oouierat

547 1332 590 1401 ad
619 1334 802 1417 augendam
832 1333 1063 1402 contentionem
1092 1329 1192 1418 (solet
1225 1334 1309 1400 enim
1339 1335 1373 1401 id
1402 1358 1442 1404 ea
1468 1336 1563 1421 efflei,-

548 1454 583 1515 ut
597 1449 832 1517 sententiarum
847 1449 937 1515 ‘inter
958 1469 998 1515 se
1017 1448 1265 1534 discrepantium
1278 1449 1392 1516 etiam
1405 1459 1513 1536 partes
1527 1453 1561 1519 in

548 1565 747 1641 eontentione
778 1560 962 1647 uersentur)
990 1585 1114 1649 wmagua
1145 1565 1244 1631 utitur
1276 1564 1320 1631 'vi-
1342 1565 1393 1631 in.
1409 1555 1563 1652 composi·¹

547 1680 634 1749 tione
657 1680 824 1748 formanda
846 1687 878 1748 et
899 1681 932 1746 in
951 1680 1074 1749 Graeco
1097 1689 1297 1749 sermoneet
1318 1681 1490 1749 inLatino.
1523 1681 1562 1749 Id

544 1795 633 1881 quod
653 1817 753 1881 quum
775 1803 899 1864 veteres
920 1793 975 1882 (ef.
993 1797 1083 1864 Anet.
1098 1798 1236 1865 Herenn.
1250 1797 1295 1862 IV
1310 1798 1368 1882 28,
1389 1798 1443 1864 39.
1465 1796 1561 1883 ,Non

527 1913 753 1998 potestdiei,
779 1933 874 1996 quam
896 1913 1061 1980 commode
1083 1913 1151 1997 liat,
1174 1914 1563 1995 quum->contrarioesenf

547 2030 666 2101 tentiae
695 2030 900 2109 translatione
928 2030 1039 2097 verba·
1053 2048 1178 2113 quoque
1207 2023 1455 2102 convertantnr.“
1495 2026 1563 2095 Oio

546 2145 656 2222 Partit
673 2146 701 2229 7,
718 2145 770 2212 24.
794 2152 850 2231 „ut
865 2181 909 2193 —-
923 2145 1098 2212 invertatur
1119 2144 1197 2211 ordo
1220 2151 1253 2210 et
1266 2143 1360 2210 ¹idom
1371 2142 1475 2226 >quasi
1495 2164 1561 2211 sur·

548 2280 617 2327 sum
644 2281 770 2328 versum
805 2267 952 2343 retroque
975 2261 1128 2345 dicatur,
1156 2258 1273 2325 deinde
1301 2258 1387 2324 idem
1413 2257 1561 2325 interoise

547 2385 643 2462 atque
671 2376 837 2463 permixte.
875 2376 1054 2459 Eloquendi
1082 2382 1188 2442 autem
1215 2374 1399 2442 exercitatio
1422 2375 1563 2455 maxime

547 2492 581 2559 in
602 2492 663 2560 hoe
685 2499 750 2560 toto
772 2491 975 2560 eonverteudi
995 2512 1112 2577 genere
1127 2486 1306 2587 versatnr“)
1321 2497 1388 2557 tum
1402 2498 1560 2558 nostrates

547 2608 776 2676 intellexerunt.
806 2608 874 2676 Sed
898 2628 1042 2677 summae
1065 2608 1133 2675 eius
1155 2608 1246 2693 legis,
1270 2608 1444 2675 seeundum
1463 2627 1559 2690 quem

547 2723 581 2790 in
608 2731 741 2808 utruque
769 2725 878 2809 lingua
900 2725 1038 2791 maxime
1061 2725 1094 2789 in
1115 2744 1178 2790 uno
1202 2722 1376 2807 eodemque
1399 2723 1559 2791 enuntiato

546 2842 711 2909 verborum
734 2840 896 2907 oolloentio
920 2839 1076 2907 rhetorica
1099 2838 1258 2918 formatur,
1279 2859 1387 2906 veram
1406 2840 1566 2935 rationem⁴

547 2956 667 3042 primus
695 2956 774 3023 mihi
796 2957 920 3025 videtur
947 2955 1150 3041 perspexisse
1178 2954 1459 3039 Naegelsbaehius.
1497 2951 1560 3032 Qui

549 3091 644 3155 quum
681 3091 783 3155 neque
820 3079 943 3138 veteres
980 3090 1085 3154 nequo
1120 3078 1277 3163 nostrates
1315 3070 1559 3156 interoisiouum,

548 3184 810 3272 hyperbatorum,
841 3186 1004 3253 similium·
1036 3207 1127 3253 usum
1165 3187 1369 3273 probabiliter
1402 3186 1559 3255 communi

547 3301 619 3385 lege
641 3301 847 3387 definiverint,
869 3308 996 3387 praeter
1016 3301 1191 3369 ehiasmum
1215 3303 1326 3370 statuit
1348 3299 1432 3387 (Lat.
1448 3303 1559 3370 Stilist·

548 3437 579 3502 p.
595 3417 659 3482 467
672 3412 759 3501 seq.)
781 3418 962 3503 amphorae
984 3418 1117 3503 figuram
1135 3438 1199 3502 qua
1221 3418 1389 3503 efficiatur,
1416 3425 1451 3484 ut
1472 3418 1558 3486 idem

547 3533 712 3601 verbomm
735 3533 811 3600 ordo
834 3535 884 3601 bis
907 3534 1056 3601 efferatur
1078 3530 1177 3618 (velut
1198 3533 1231 3597 in
1251 3554 1289 3599 eo
1305 3532 1466 3625 Ciceronis
1480 3535 1558 3620 loos,

547 3649 602 3734 qui
625 3655 675 3717 est
692 3648 812 3717 Olubnt.
836 3651 911 3716 el.
935 3649 1185 3736 „Animadverti
1208 3648 1339 3735 iudices,
1363 3674 1483 3716 omnem
1505 3672 1557 3717 oo-

548 3768 697 3833 curator—tr
730 3768 901 3833 orationem
933 3763 972 3831 in
1006 3765 1104 3833 duas
1133 3768 1264 3832 diuisam
1291 3788 1355 3831 esee
1388 3761 1558 3853 partes.“
1594 3829 1597 3835 .

548 3881 587 3947 ef.
602 3879 708 3960 Quint.
730 3883 806 3950 Inst.
823 3882 875 3949 Or.
887 3880 972 3967 Vlll,
989 3882 1018 3966 6,
1034 3879 1090 3967 65)
1113 3882 1282 3968 plurimum
1304 3883 1410 3949 valere
1433 3883 1475 3949 ad
1498 3882 1559 3949 ior·

547 3996 696 4064 mandam
712 4001 876 4066 verborum
900 3998 1153 4066 collocationem:
1177 4018 1239 4083 qna
1262 3998 1419 4065 sententia
1440 4018 1479 4065 ea
1493 4018 1558 4067 ma·

511 4095 514 4099 “
547 4111 646 4197 xime,
675 4134 758 4196 quae
783 4114 817 4180 in
839 4135 901 4180 nno
925 4114 1101 4197 eodemque
1123 4115 1274 4181 orationis
1297 4112 1428 4181 artienlo
1449 4117 1558 4182 verbo·

548 4244 617 4296 rum
632 4228 868 4302 oolloestionem
882 4229 1052 4301 notabilem
1064 4228 1207 4316 reddant,
1223 4249 1425 4318 exponemus,
1441 4230 1557 4309 idoneo
