4117 5234
1021 665 1064 728 23

959 754 1119 764 ——-

531 841 686 908 rationem
713 839 808 904 trium
831 838 997 923 Odysseae
1026 841 1180 906 Iooornm:
1209 838 1376 926 ἀνήλυθεν
1403 842 1438 906 ἐκ
1467 843 1548 929 δόρυ
1645 927 1648 933 ἡ

530 960 637 1041 γαίης,
667 952 756 1038 εὕροι
785 951 818 1017 δ’
837 952 873 1019 ἒν
900 955 1034 1041 πήματα
1063 959 1155 1042 οἴκῳ,
1186 956 1271 1042 δήεις
1298 955 1385 1044 σ’,ἔν
1412 956 1546 1043 πήματα

531 1073 617 1157 οἴνῳ,
641 1071 673 1135 in
696 1070 809 1152 quibus
833 1089 936 1152 neque
957 1071 1074 1138 tmesin
1090 1072 1309 1140 inessestatui
1324 1078 1429 1157 potest
1442 1093 1546 1157 neque

530 1184 751 1252 adverbiorum
780 1186 844 1253 vim
873 1207 945 1254 esse
975 1188 1246 1272 praepositionum
1276 1187 1311 1253 ἓν
1340 1195 1372 1255 et
1399 1188 1451 1267 ἐν,
1482 1208 1546 1272 qua

451 1305 453 1314 '
528 1322 593 1367 non
612 1307 743 1368 utuntur
765 1302 829 1367 nisi
851 1302 995 1369 firmatae
1017 1304 1161 1370 subieeta
1183 1304 1349 1389 partioula.

595 1416 674 1483 Oum
695 1417 907 1501 praeeedente
923 1418 1050 1484 nomine
1065 1420 1319 1503 praepositiones
1334 1420 1546 1493 Hoffmannus

527 1532 758 1599 demonstravit
785 1532 895 1599 ‚minus
929 1539 1005 1617 apte
1035 1533 1220 1617 eohaerere,
1255 1554 1338 1615 qnae
1366 1542 1545 1620 propterea,

528 1647 614 1729 quod
636 1648 769 1715 elisione
791 1648 986 1732 anastrophe
1002 1649 1119 1715 tollitur
1137 1645 1190 1733 (of.
1205 1649 1386 1732 Hoffmann,
1402 1648 1545 1727 Quaestt.

527 1763 648 1829 Homl
672 1784 703 1848 p.
716 1764 736 1829 9
748 1760 839 1848 seu),
862 1763 890 1829 si
906 1764 1077 1831 elisione
1092 1764 1264 1832 minutae
1280 1772 1353 1831 sunt
1369 1761 1412 1848 (J.
1424 1766 1466 1830 IV
1478 1765 1545 1833 384

500 1914 502 1918 ,
526 1877 694 1945 Bekkerns
717 1898 788 1945 eum
811 1879 994 1946 Hermanno
1018 1888 1051 1947 et
1068 1880 1182 1946 Wolfio
1205 1901 1268 1946 non
1291 1887 1376 1948 reete
1399 1881 1543 1965 scripsit:

520 1991 615 2060 Ἔνθ’
625 1988 701 2059 αὖτ’
712 1992 865 2080 α’γγελίην
880 1992 884 2080 Ι
898 1994 961 2059 ἔπι
974 1996 1065 2079 Τνδή
1081 1996 1209 2061 στεῖλαν
1220 1994 1354 2078 Ἀχαιοί.
1370 1996 1410 2063 ef.
1422 1996 1543 2082 Spitzn.

528 2116 559 2176 et
573 2110 671 2178 Faesi
692 2109 735 2177 ad
753 2110 785 2175 h.
800 2108 844 2195 1.),
868 2132 1001 2178 eaesura
1018 2131 1256 2195 nonnumquam
1276 2113 1438 2180 anomine
1453 2133 1543 2198 prae·

526 2226 658 2293 eedente
674 2226 881 2310 seiunguntnr
897 2223 951 2311 (of.
965 2228 1082 2293 Hoffm.
1094 2228 1230 2294 Tmes.I
1244 2228 1312 2310 pi.
1334 2226 1364 2292 J.
1374 2228 1451 2293 XVI
1468 2229 1543 2294 772.

526 2338 644 2406 Πολλὰ
667 2342 703 2405 δὲ
720 2339 896 2427 Κεβριόνην
912 2337 917 2427 l
933 2340 1018 2427 ἀμφ’
1034 2340 1116 2420 ὅξέα
1140 2343 1243 2427 δοῦρα
1262 2337 1407 2427 πεπήγει.
1434 2342 1543 2416 XVIII

529 2454 603 2519 191.
625 2445 743 2520 Στεῦτο
766 2451 828 2542 γοὶρ
845 2452 1027 2540 Ἣραίστοιο
1045 2452 1050 2543 ή
1071 2454 1155 2542 παρ’
1170 2458 1295 2541 οἰσέμεν
1318 2454 1412 2521 ἔντεα
1433 2452 1542 2555 καλά),

525 2588 628 2652 neque
651 2571 736 2653 quod
759 2572 955 2657 praemissae
978 2572 1100 2638 nomini
1123 2569 1177 2656 (ef.
1192 2572 1222 2639 J.
1235 2573 1311 2637 VIII
1326 2572 1402 2638 545.
1425 2572 1460 2638 ἐκ
1476 2570 1542 2638 πό-

526 2685 594 2763 λιος
621 2680 685 2770 δ’),
716 2686 751 2753 id
780 2707 928 2770 umquem
958 2688 1120 2754 subiectae
1148 2686 1301 2770 efficiunt,
1330 2694 1364 2752 ut
1385 2689 1542 2773 partioula

526 2801 564 2865 δέ
584 2823 605 2868 a
625 2800 767 2868 secunda
781 2802 814 2867 in
829 2802 955 2868 tertiam
971 2803 1125 2869 enuntiati
1140 2801 1249 2869 sedem
1265 2803 1413 2870 reoedere
1428 2805 1540 2888 possit.
1642 2841 1646 2851 ·

525 2918 647 2984 Tamen
662 2917 758 2985 etiam
774 2939 795 2983 a
808 2917 1019 3002 praecedente
1035 2918 1163 2984 nomine
1174 2919 1215 2984 ab
1226 2917 1364 2984 Homero
1377 2919 1539 3002 partieulis

525 3033 627 3099 solum
642 3040 696 3099 aut
711 3033 948 3118 pronominibus
965 3033 1118 3100 enolitieis
1130 3032 1383 3118 praepositiones
1396 3034 1540 3118 separari

525 3148 636 3214 solent.
664 3144 718 3231 (of.
738 3148 767 3214 J.
787 3148 864 3213 XVI
886 3150 960 3214 221.
991 3148 1105 3235 Χηλοῦ
1135 3146 1168 3213 δ’
1186 3146 1263 3213 ἀπό.
1296 3149 1378 3213 XIX
1397 3150 1473 3215 326.
1502 3147 1538 3235 ήὲ

524 3258 591 3339 τόν,
615 3262 651 3337 ὃς
665 3263 777 3349 Σκύρῳ
799 3286 855 3347 μοι
875 3262 924 3328 ε”νι
938 3269 1091 3350 τρέφεται
1105 3264 1201 3350 φίλος
1216 3260 1282 3339 οἷός
1304 3260 1334 3348 („
1342 3284 1404 3347 quo
1420 3264 1453 3329 In
1468 3265 1536 3332 loeo

524 3378 790 3464 praepositionem
818 3399 882 3444 non
903 3373 1024 3463 verbo,¹
1042 3381 1101 3446 sed
1127 3380 1247 3445 nomini
1269 3399 1341 3445 esse
1364 3379 1536 3464 adiungen-

524 3494 598 3561 dam
613 3494 723 3560 Venet.
747 3500 779 3560 et
801 3494 855 3560 alii
869 3495 976 3579 plures
992 3516 1050 3562 nos
1066 3489 1378 3561 eommonefaeiunt.“
1395 3492 1535 3580 Spitzn)

521 3610 700 3677 Posteriora
728 3630 802 3676 vero
832 3615 937 3678 aetate
965 3618 1079 3696 poetae
1107 3611 1141 3676 in
1171 3610 1375 3676 eoIIooatione
1403 3631 1535 3696 praepo-

522 3726 671 3792 sitionum
694 3746 803 3791 earnm
826 3727 973 3810 omnium,
998 3746 1080 3809 quae
1103 3727 1135 3791 in
1158 3725 1350 3809 anastrophe
1365 3732 1447 3809 sunt,
1470 3748 1535 3793 ma·

522 3842 587 3909 iore
611 3847 738 3908 utuntur
759 3841 904 3907 libertate
926 3841 980 3924 (ot.
1001 3844 1146 3926 Krueger
1168 3835 1220 3906 Di.
1242 3842 1263 3919 ξ
1284 3841 1343 3924 68,
1363 3842 1399 3923 4,
1421 3838 1470 3925 8),
1500 3842 1533 3908 in

521 3957 726 4050 eolloeatione
740 3957 984 4041 praepositionis
1000 3962 1075 4042 περί
1088 3958 1183 4025 etiam
1198 3957 1286 4022 Plato
1302 3953 1356 4039 (ef.
1371 3956 1439 4023 Ast.
1454 3958 1533 4041 Leg.

522 4094 552 4156 p.
569 4072 671 4138 21.—
694 4072 772 4155 Leg.
787 4073 831 4138 VI
852 4094 884 4157 p.
902 4059 966 4137 760
980 4073 1018 4138 Α.
1047 4072 1170 4149 πόλεως
1191 4078 1250 4157 μὲν
1265 4068 1325 4137 οὖν
1340 4069 1375 4134 αἱ
1390 4078 1532 4158 φρουραὶ

521 4191 593 4273 πέρι
615 4188 712 4282 ταύτῃ
727 4193 961 4272 γιγνέσθωσαν.
992 4190 1053 4281 Ap.
1068 4189 1127 4256 Rh.
1139 4189 1183 4256 IV
1193 4188 1269 4256 492.
1293 4188 1454 4281 vavoottpc
1468 4209 1532 4258 πν-
