4117 5234
1053 667 1098 731 58

569 845 706 914 addatur
738 844 781 913 ed
814 864 931 913 nomen
959 864 1071 913 versus
1104 840 1341 930 praecedente,
1375 850 1482 912 tamen
1514 843 1583 913 sere

567 981 740 1045 numquam
759 961 891 1028 additur
911 960 1123 1046 praeeedente
1145 962 1178 1027 in
1199 960 1303 1046 priore
1317 979 1413 1028 versu
1426 960 1583 1048 partieule

567 1081 616 1156 τε,
639 1076 704 1144 nisi
725 1078 921 1163 praecedens
943 1077 1155 1163 particulae&
1176 1097 1197 1143 a
1218 1070 1312 1143 versu
1334 1076 1463 1144 ineunte
1485 1097 1581 1161 quam

464 1247 465 1251 ¹
568 1194 712 1280 pToxime
726 1196 826 1261 abest.
850 1191 999 1260 ef.10.1v
1012 1194 1064 1259 72.
1081 1187 1095 1278 Η
1112 1192 1247 1258 Χαλκοῦ
1268 1216 1307 1258 τε
1324 1188 1482 1278 στεροπὴν
1495 1189 1581 1259 κατὰ

569 1306 707 1392 δοίματα
734 1306 873 1395 ἠχήεντα
894 1301 910 1395 ΙΙ
932 1308 1065 1393 Χροσοῦ
1093 1305 1123 1372 τ’
1143 1304 1279 1393 ἧλέκρον
1304 1308 1338 1374 τε
1355 1298 1414 1373 ’καλ
1435 1302 1581 1394 α’ργύρον

567 1416 623 1510 ἧδ’
634 1423 822 1511 ἐλέφαντος.
857 1423 1036 1508 Diserepet,
1051 1423 1135 1506 quod
1152 1424 1260 1508 seiam,
1276 1424 1372 1490 uniue'
1384 1423 1454 1490 eius
1469 1442 1581 1491 versus

567 1539 662 1623 ratio,
689 1538 745 1622 qui
766 1546 830 1606 est:
860 1537 897 1606 0.
912 1539 945 1605 Χ
959 1539 1035 1605 513.
1057 1537 1145 1605 ἔνθα
1166 1544 1227 1624 μὲν
1248 1540 1292 1613 εἷς
1309 1535 1484 1624 Ἀχέροντα
1506 1545 1582 1606 Πν-

450 1696 452 1700 -
567 1654 774 1740 ριφλενέθων
796 1678 835 1720 τε
858 1654 985 1742 ῥέουσιν
1001 1648 1016 1742 λλ
1033 1652 1181 1732 Κώκυτός
1202 1654 1242 1720 τ’.
1271 1655 1310 1722 ef.
1326 1653 1385 1721 ο.Ι
1407 1656 1474 1734 ἕ4.
1514 1654 1581 1723 Sed

567 1771 665 1837 etiem
687 1770 716 1836 is
739 1770 836 1854 loeus,
859 1771 914 1852 qui
937 1777 1001 1837 est:
1024 1770 1066 1837 Ο.
1077 1772 1189 1838 XXIII
1204 1771 1258 1837 55.
1275 1764 1380 1836 Ἦλθε
1400 1775 1461 1855 μὲν
1482 1766 1582 1847 αὐτὸς
1629 1792 1631 1796 ·

570 1880 649 1962 ζωὰς
670 1884 829 1971 ἐφέστιος,
853 1878 927 1970 εὗρε
951 1885 988 1949 δὲ
1011 1891 1065 1949 καὶ
1082 1890 1117 1949 σὲ
1132 1882 1148 1972 ΙΙ
1164 1892 1226 1952 Καὶ
1246 1884 1341 1952 παῖδ’
1357 1886 1394 1952 ἒν
1413 1886 1582 1973 μεγάροισι
1685 1956 1688 1961 ,

566 2000 630 2085 legi
657 1999 704 2065 illi
725 1999 889 2067 adversari
910 1999 1013 2067 videri
1035 2000 1138 2086 possit
1159 1997 1219 2085 (ef.¹
1234 1982 1390 2088 (Ieppen²
1416 2001 1527 2087 Ur'spr.
1547 2000 1579 2068 d.

566 2115 686 2182 homer.
702 2114 777 2183 Ges.
792 2115 824 2180 II
839 2137 870 2201 p.
882 2115 958 2182 229.
981 2116 1125 2201 „Femer
1146 2117 1202 2183 hat
1223 2116 1306 2183 eueh
1323 2116 1381 2183 der
1393 2116 1465 2184 Fau
1479 2124 1580 2185 etwas

481 2299 484 2305 ,
566 2230 872 2316 Eigenthflmliehee,
894 2252 989 2299 wenn
1011 2232 1083 2300 eine
1105 2232 1300 2301 Correla'tion
1322 2254 1383 2301 von
1406 2232 1488 2300 zwei
1507 2234 1580 2299 Par·

565 2346 667 2413 tikeln
694 2346 753 2413 auf
772 2347 825 2414 die
845 2348 954 2415 Weise
975 2349 1103 2433 gestellt
1124 2350 1180 2433 ist,
1208 2349 1280 2416 dass
1303 2346 1357 2417 die
1378 2355 1497 2416 erstere
1518 2347 1579 2416 das

565 2464 715 2531 vorletzte
736 2463 826 2527 Wort
854 2463 912 2530 dee
935 2470 1040 2531 ersten
1060 2465 1176 2532 Verses
1199 2466 1241 2532 iet
1263 2465 1328 2532 und
1350 2463 1418 2532 sieh
1440 2463 1578 2530 auf-dae
1656 2470 1664 2478 '

566 2584 651 2646 erste
670 2579 760 2645 Wort
789 2577 847 2645 des
870 2576 1040 2661 folgenden
1063 2580 1196 2646 bezieht.
1238 2580 1318 2646 Dies
1339 2578 1505 2662 gesehieht
1525 2578 1578 2645 bei

568 2692 641 2759 dem
665 2693 835 2780 doppelten
858 2696 914 2757 καλ
927 2692 964 2759 Ο.
979 2694 1092 2759 XXIII
1106 2690 1192 2775 55.“)
1225 2694 1268 2761 At
1289 2694 1373 2761 enim
1389 2708 1428 2761 'ea
1443 2694 1492 2761 vis
1507 2712 1579 2759 eon·

567 2808 743 2876 iunctarum
766 2810 990 2894 particularum
1012 2814 1070 2875 ιιαλ
1090 2825 1134 2857 ⁴-
1156 2812 1220 2887 ααλ,
1248 2829 1311 2892 qua
1332 2807 1512 2893 ‘signifieant
1534 2807 1577 2893 id,

567 2925 652 3008 quod
666 2925 850 2992 Latinorum
873 2932 905 2991 et
926 2960 970 2973 -
993 2932 1033 3008 et,
1056 2931 1197 2992 nostrum
1220 2922 1279 3009 ⁷5⁸⁰
1294 2923 1378 2990 wohl
1400 2924 1449 2990 ale
1471 2918 1577 2989 eueh“

567 3060 663 3123 quum
686 3042 726 3106 ab
750 3041 835 3106 omni
858 3059 1002 3107 sermone
1025 3040 1187 3125 epicorum
1209 3035 1263 3124 (ef.
1278 3041 1410 3106 Passow
1431 3039 1577 3106 Lexiken

567 3176 639 3222 ann.
663 3156 746 3221 1841
772 3175 837 3237 seq.
866 3176 939 3240 pag.
963 3151 1063 3238 1541)
1091 3161 1155 3222 tum
1178 3157 1219 3221 eb
1242 3156 1296 3222 illo
1318 3149 1485 3240 Odysseae
1507 3155 1576 3221 loeo

566 3270 672 3338 aliena
701 3275 764 3354 eet,
794 3290 856 3353 quo
883 3269 943 3337 hoe
972 3269 1096 3337 videtur
1123 3270 1241 3337 dietum
1270 3290 1358 3338 esse:
1392 3270 1456 3355 „Et
1482 3268 1578 3337 rediit

566 3386 637 3472 ipse
664 3387 755 3453 vivus
784 3392 816 3452 et
844 3386 960 3471 reperit
987 3392 1018 3453 te
1041 3404 1165 3468 quoque
1187 3385 1294 3453 vivam
1314 3380 1503 3469 filiumque.“
1536 3384 1576 3452 ef.

565 3502 596 3569 J.
611 3502 719 3567 XVIII
734 3501 810 3566 419.
835 3505 899 3592 Τῇς
921 3500 957 3566 ἕν
978 3505 1038 3585 μὲν
1061 3503 1140 3576 νόος-
1156 3500 1222 3565 ἐστὶ
1242 3497 1322 3585 μετὰ
1344 3505 1467 3587 φρεσὶν,
1490 3500 1526 3566 ἕν
1540 3500 1577 3566 δὲ

566 3622 621 3682 καὶ
644 3610 730 3703 αὐδὴ
749 3611 761 3701 λλ
779 3622 842 3681 Καὶ
865 3619 992 3692 σθένος.
1025 3617 1069 3683 Ut
1091 3637 1166 3683 vero
1189 3637 1237 3701 ea,
1260 3636 1342 3700 quae
1357 3623 1430 3683 sunt
1445 3614 1518 3683 οὔτε
1531 3649 1576 3661 -

567 3732 649 3810 οὔτε,
672 3729 751 3819 ἦμέν
765 3768 809 3779 -
824 3728 891 3813 ἥδέ,
913 3732 932 3817 ἢ
947 3728 1027 3817 -ἧ
1050 3732 1184 3815 singulis
1199 3732 1362 3799 vocabulis
1385 3730 1576 3797 addita‘no‘n

566 3849 638 3933 pari
658 3848 878 3914 observatione
900 3847 982 3912 intra
998 3845 1141 3914 eiusdem
1156 3866 1267 3916 versus
1284 3846 1363 3914 fines
1378 3846 1575 3931 collocentur,

567 3961 642 4029 inde
669 3962 718 4046 fit,
746 3962 831 4045 qued
860 3981 941 4045 quae
970 3962 1017 4029 eie
1045 3962 1127 4029 inter
1154 3982 1189 4028 se
1211 3967 1428 4045 conectuntur,
1456 3981 1520 4028 nen
1541 3960 1575 4027 in

567 4096 664 4144 unum
680 4077 785 4143 κῶλον
799 4077 987 4144 eoeleseunt.
1014 4077 1055 4145 ef.
1069 4078 1099 4143 J.
1114 4076 1163 4142 IX
1176 4077 1252 4143 408.
1268 4073 1405 4162 ’Λνδρὸς
1427 4076 1464 4141 δὲ
1484 4075 1575 4166 ψυχὴ

568 4192 667 4258 πάλιν
689 4191 802 4259 ἐλθεῖν
824 4189 899 4260 οὔτε
922 4188 1027 4278 λεϊστὴ
1046 4187 1061 4281 ΙΙ
1083 4189 1173 4260 οὄθ’
1188 4190 1288 4281 ἑλετή.
1320 4193 1384 4261 XII
1401 4193 1475 4261 159.
1496 4190 1576 4280 ἡμὲν
