4117 5234
957 682 1117 781 *οε-

530 863 640 932 bulum
654 861 779 937 Atvsov,
801 857 853 926 vel
874 863 1045 944 propterea
1067 858 1152 943 quod
1174 859 1262 946 apud
1276 860 1448 930 Homerum
1463 883 1546 931 com·

531 976 655 1064 paratio
678 974 834 1061 incipiens
857 975 898 1042 ab
921 994 975 1059 co,
999 974 1157 1057 quodest
1179 968 1224 1052 ύς
1247 973 1315 1053 ὅτε,
1347 997 1410 1043 non
1432 981 1473 1046 ab
1496 1000 1544 1064 eo,

531 1092 616 1178 quod
638 1097 687 1158 est
702 1086 745 1168 ὥς
759 1088 794 1155 δ’
809 1089 870 1169 ὅτε,
892 1110 956 1156 uon
970 1090 1135 1175 reperitur.
1169 1091 1234 1159 Sed
1250 1100 1282 1159 et
1297 1092 1368 1177 ipsc
1383 1092 1426 1159 ad
1438 1094 1544 1179 Vigor.

529 1229 561 1295 p.
576 1208 642 1273 913
665 1213 749 1274 recte
774 1226 852 1273 usus
875 1212 944 1273 erat
965 1205 1090 1290 virgula
1112 1206 1145 1273 in
1168 1207 1419 1305 interpunctione
1441 1205 1549 1293 neqnc'
1587 1291 1595 1298 ,

529 1322 685 1393 editiones
707 1322 896 1388 Homericae
923 1321 1114 1389 recentiores
1141 1323 1203 1390 hac
1231 1325 1264 1389 in
1293 1345 1328 1391 re
1351 1323 1544 1411 discrepant.

528 1439 566 1505 In
588 1438 649 1505 hoo
671 1443 777 1504 autem
798 1436 910 1528 Iliadis
931 1438 1017 1504 loco:
1046 1438 1111 1503 XII
1133 1438 1207 1504 154.
1229 1436 1261 1505 oi
1284 1435 1315 1503 δ’
1333 1435 1401 1525 ἄρα
1422 1464 1543 1526 χερμα-

530 1555 646 1620 δίοισιν
668 1588 712 1601 -
734 1552 870 1618 Βάλλαν
892 1550 1090 1640 ἀμυνόμενοι
1113 1554 1205 1638 σφῶν
1226 1549 1256 1617 τ’
1272 1550 1379 1619 αὐτῶν
1396 1558 1451 1618 καὶ
1473 1553 1543 1619 κλι-

530 1666 630 1737 σιοὲων
644 1670 743 1756 Νχῶν
764 1665 794 1733 τ’
811 1662 1000 1755 ιδκυπύροον.
1034 1667 1172 1757 νιφάδες
1196 1666 1229 1734 δ’
1245 1663 1288 1745 ὥς
1310 1678 1430 1733 πῖπτον
1451 1667 1543 1757 ἔραζε

521 1783 615 1854 Ἀπ’
628 1785 747 1868 ἄνεμος
769 1781 844 1871 ζαὴς
866 1822 909 1833 -
935 1782 1103 1872 Ταρφειδς
1124 1788 1295 1867 κατέχευεν
1315 1784 1483 1852 Bekkerus
1497 1786 1543 1853 vi·

528 1901 620 1970 detur
646 1901 782 1988 primus,
810 1904 1003 1984 quamquam
1032 1901 1129 1968 etiam
1155 1907 1280 1968 veteres
1306 1901 1395 1969 verbi
1421 1912 1542 1982 πνιαον

527 2018 703 2086 subiectum
729 2016 860 2085 duxisse
882 2014 1060 2103 χερμάδια,
1089 2038 1152 2083 non
1175 2015 1321 2104 νιφαῖδας
1343 2025 1478 2105 apparet
1500 2034 1542 2086 cx
1565 2004 1567 2006 ¹

526 2135 629 2221 Apoll.
644 2135 721 2200 Lex.
737 2134 813 2217 318,
836 2133 891 2215 qui
905 2133 996 2217 legit:
1013 2130 1074 2208 Ὡς
1090 2130 1124 2198 δ’
1139 2128 1260 2216 ἄνεμος
1273 2131 1342 2198 loco
1359 2134 1437 2218 eius,
1455 2133 1541 2217 quod

527 2256 576 2317 est
590 2246 690 2317 ‘Aac’
703 2248 821 2334 ἄνεμος
831 2284 875 2295 -
887 2251 1065 2332 κατέχευεν,
1078 2247 1120 2322 ἰδ.
1126 2247 1304 2333 scripsisse,
1320 2247 1405 2333 quod
1420 2256 1540 2316 rectum

527 2371 591 2432 est:
614 2361 753 2451 νιφάδες
768 2360 801 2428 δ’
818 2360 867 2440 aig
882 2373 1002 2429 πΐπτον
1017 2361 1118 2449 ἔραζε.
1151 2363 1346 2430 Adversatur
1361 2370 1467 2430 aulem
1482 2365 1540 2451 cis,

526 2480 581 2564 qui
603 2479 757 2547 scribunt:
772 2516 816 2526 —
832 2472 1019 2563 αῗκυπύριον.
1048 2478 1185 2565 νιφάδες
1200 2476 1235 2544 δ’
1250 2473 1299 2555 ὤς
1313 2490 1434 2546 πῖπτον
1448 2477 1541 2568 ἔραζε

526 2616 589 2661 non
612 2595 713 2661 solum
735 2614 790 2678 ea,
814 2593 855 2661 de
878 2613 941 2677 qua
963 2595 1105 2679 agimus,
1127 2595 1188 2678 lex,
1212 2593 1271 2662 sed
1293 2595 1390 2662 ctiam
1412 2602 1544 2682 tempus·

437 2741 442 2750 ·
525 2709 614 2779 verbi
627 2714 756 2775 πίπτειν
771 2705 824 2793 (cl.
833 2710 978 2794 Krueger
993 2709 1045 2775 Di.
1056 2710 1109 2794 53,
1119 2712 1169 2795 10,
1175 2707 1211 2795 4)
1223 2717 1255 2778 et
1264 2711 1451 2779 Homericus
1467 2732 1539 2780 con·

525 2823 693 2893 iunctionis
708 2818 751 2901 cic
766 2844 852 2909 usus,
866 2843 960 2907 quam
976 2823 1009 2889 in
1025 2825 1182 2892 sententia
1195 2825 1328 2892 relativa
1343 2834 1536 2912 usurpatam,

525 2940 576 3009 cui
591 2940 719 3009 verbum
742 2938 886 3006 additum
909 2940 966 3026 sit,
990 2939 1251 3007 verisimillimum
1274 2948 1324 3008 est
1342 2943 1383 3008 ab
1398 2942 1536 3009 Homero

524 3076 588 3123 nou
610 3061 762 3123 remotam
779 3073 851 3121 esse
871 3054 1009 3140 aprima
1025 3056 1112 3123 sede.
1136 3054 1189 3140 (cf.
1202 3056 1250 3122 cl
1266 3057 1338 3135 §11
1352 3063 1430 3124 extr.
1447 3053 1536 3141 ξ12)

524 3172 572 3238 Ac
593 3191 634 3239 nc
656 3170 829 3238 imitatores
852 3170 980 3253 quidem
1002 3171 1133 3239 Homeri
1155 3174 1195 3238 ab
1218 3172 1274 3239 illa
1295 3173 1380 3257 lego,
1408 3172 1449 3239 dc
1472 3193 1536 3257 qua

524 3287 658 3373 agimus,
674 3285 878 3353 deflexerunt.
901 3286 1074 3353 Merkelius
1089 3308 1173 3372 vcro,
1189 3287 1244 3370 qui
1258 3285 1318 3372 Ap.
1331 3286 1390 3353 Rh.
1403 3288 1448 3355 IV
1460 3288 1535 3374 214,

524 3402 579 3470 nbi
605 3402 666 3481 hoc
692 3402 845 3487 praebent
872 3401 1014 3468 codices:
1042 3398 1092 3479 Ἐς
1119 3400 1152 3467 δ’
1173 3398 1293 3487 ἀγορὴν
1314 3398 1462 3488 ἀγέροντ’
1486 3402 1535 3469 ε’νὶ

408 3543 413 3551 ·
523 3518 674 3601 τεύχεσιν,
697 3516 778 3582 ὅσσα
799 3540 837 3581 τε
851 3516 972 3583 πόντου
989 3510 1003 3605 ΙΙ
1016 3513 1152 3600 Κύματα
1166 3554 1210 3564 -
1224 3516 1413 3604 κορύσσεται
1429 3512 1535 3594 -Ὧς
1614 3509 1619 3514 ”

523 3630 555 3699 oi
576 3630 753 3717 α’πειρέσιοι
774 3633 923 3718 ποταμοῦ
947 3636 1164 3720 παρεμέτρεον
1180 3629 1299 3714 ὄχθας,
1322 3633 1463 3719 scripsit:
1485 3632 1534 3700 dvi

522 3743 675 3830 τεύχεσιν.
709 3745 790 3814 ὅσσα
814 3747 857 3812 δέ
878 3753 946 3832 cet,
969 3749 1003 3815 id
1023 3748 1155 3832 induxit,
1179 3748 1264 3833 quod
1279 3748 1308 3815 si
1322 3747 1355 3813 in
1371 3748 1533 3817 codicibus

522 3863 719 3949 reperiretur,
743 3852 927 3930 mulandum
951 3869 1046 3931 esset.

588 3979 632 4045 Ut
654 3979 923 4064 comparationum
946 3986 1089 4065 protases
1112 3977 1309 4064 praemissae
1330 3979 1375 4045 ita
1390 3999 1447 4047 eae
1463 3992 1532 4065 pro

522 4098 623 4177 tascs,
651 4093 764 4178 quibus
792 4102 917 4179 tempus
945 4094 1011 4161 dici
1032 4095 1083 4161 vel
1109 4095 1172 4161 loci
1194 4096 1332 4181 spatium
1353 4097 1404 4164 vel
1427 4096 1531 4165 simile
1593 4124 1595 4129 ·

522 4206 599 4295 quid
621 4208 776 4296 definitur,
792 4209 827 4282 ¹si
849 4209 1044 4301 praecedunt
1064 4210 1207 4302 apodosi,
1230 4210 1305 4285 indo
1325 4230 1348 4284 a
1369 4231 1464 4289 versu
1485 4212 1530 4290 in-
